3160 5018
550 477 836 526 rurxonucmou.
1098 461 1170 524 xvii

220 655 358 720 quoque
382 635 501 700 Sancti
516 627 713 712 Ambrosii‚¹
733 641 755 670 “
769 635 851 699 Non
874 635 923 700 sic
948 635 1032 712 vixi,
1056 643 1095 700 ut
1117 657 1171 702 me

221 737 351 820 pudeat
379 736 470 800 inter
493 754 556 800 vos
579 735 719 815 vivere3
754 735 814 799 sed
848 755 910 799 noc
939 736 1025 800 mori
1054 736 1170 814 dmeo,

222 838 305 919 quia
318 838 446 900 bonum
461 835 576 899 Deum
590 834 809 899 habemus.'’'

276 937 293 1020 §
308 935 363 1000 19.
379 936 447 999 ‘In
461 935 537 999 istis
552 941 667 998 autem
684 935 803 998 diebus
818 935 886 1000 duo
901 935 1068 1018 opuscula
1083 938 1170 1002 mul·

224 1045 297 1100 tum
320 1035 485 1099 memoria
505 1035 623 1116 digna,
638 1033 809 1120 (exceptis
834 1035 1064 1114 Lectionibus,
1084 1057 1171 1120 quas

223 1137 418 1218 accepimus
444 1137 487 1198 ab
517 1155 570 1211 eo,
589 1141 634 1198 'et
661 1142 767 1198 cantu
790 1133 1037 1219 Psalmorum,)
1060 1137 1171 1202 facere

224 1236 397 1312 studebat,
424 1235 664 1316 Evangelium,
690 1235 832 1312 scilicet,
857 1235 976 1299 Sancti
999 1235 1022 1300 J
1025 1236 1171 1301 ohannis

223 1337 260 1399 in
284 1343 439 1400 nostram
463 1336 618 1416 linguam
640 1333 684 1397 ad
706 1335 890 1398 utilitatem
913 1335 1065 1400 ecclesiae
1089 1357 1171 1402 con·

225 1437 349 1515 vertit;
374 1443 409 1498 et
431 1435 473 1498 de
495 1435 591 1518 libris
613 1441 766 1497 rotarum
788 1434 914 1498 Isidori
935 1436 1087 1518 episcopi
1109 1457 1170 1500 ex·

225 1537 418 1619 cerptiones
448 1534 627 1616 quasdam,
658 1535 787 1611 dioenS,
825 1541 848 1569 “
862 1535 967 1611 Nolo,
1000 1542 1040 1599 ut
1074 1538 1170 1618 pueri

225 1638 291 1700 mei
318 1635 534 1699 mendacium
560 1633 690 1715 legant,
716 1642 751 1698 et
778 1635 816 1696 in
846 1634 911 1698 hoc
939 1642 1019 1716 post
1041 1635 1171 1700 obitum

224 1755 339 1799 meum
384 1735 458 1799 sine
499 1733 613 1797 fructu
649 1733 842 1797 laborent.''
903 1733 991 1797 Cum
1021 1734 1172 1800 venisset

225 1843 340 1899 autem
351 1835 455 1898 tertia
465 1833 551 1897 feria
559 1831 892 1897 anteAscensionem
902 1834 1172 1919 Domini,coepit

226 1935 461 1999 vehementius
492 1933 654 2016 aegrotari
681 1934 717 1996 in
753 1933 919 2011 anhelitu,
949 1941 985 1998 et
1017 1936 1171 2000 modicus

225 2043 339 2099 tumor
352 2035 389 2098 in
403 2035 547 2117 pedibus
564 2034 736 2116 apparuit.
788 2033 916 2097 Totum
938 2041 1053 2098 autem
1074 2035 1171 2100 illum

226 2135 316 2198 diem
340 2135 496 2211 docebat,
524 2141 559 2197 et
581 2133 735 2198 hilariter
759 2133 923 2212 dictabat,
948 2143 983 2198 et
1012 2155 1170 2200 nonnun-

225 2254 329 2318 quam
351 2236 442 2298 inter
455 2234 525 2297 alia
538 2233 638 2310 dixit,
653 2233 818 2298 “Discite
840 2253 918 2298 cum
940 2233 1171 2314 festinatione,

226 2335 342 2399 nescio
370 2333 533 2417 quamdiu
561 2333 757 2410 subsistam,
784 2341 819 2397 et
843 2335 873 2396 si
899 2342 978 2417 post
1001 2335 1171 2400 modicum

225 2435 327 2500 tollat
339 2455 394 2498 me
412 2435 540 2498 Factor
552 2433 683 2497 meus.’'
735 2433 846 2497 Nobis
861 2442 977 2498 autem
990 2434 1173 2500 videbatur

226 2535 318 2618 quod
335 2555 434 2599 suum
458 2529 593 2599 exitum
611 2535 697 2597 bene
719 2533 834 2610 sciret,
849 2541 885 2598 et
906 2534 956 2597 sic
978 2541 1113 2598 noctem
1136 2537 1172 2600 in

226 2637 417 2718 gratiarum
432 2636 567 2702 actione
582 2633 728 2716 pervigil
742 2633 866 2698 duxit!

266 2736 283 2820 ᾗ
298 2736 353 2800 20.
371 2741 380 2768 ‘
396 2734 444 2798 Et
457 2754 558 2797 mane
571 2733 802 2810 illucescente,
812 2735 847 2797 id
857 2740 921 2810 est,
936 2741 1061 2816 quarta
1074 2733 1171 2813 seria,

225 2835 391 2917 praecepit
418 2833 600 2915 diligenter
626 2833 740 2909 scribi,
771 2853 849 2915 quae
872 2854 1106 2916 coeperamus;
1138 2843 1172 2900 et

226 2935 290 2998 hoc
304 2934 396 2999 sacto
418 2953 528 3016 usque
544 2933 588 2996 ad
601 2933 739 2996 tertiam
761 2933 892 2998 boram.
944 2933 978 2998 A
992 2936 1095 2999 tertia
1110 2955 1171 2999 au-

225 3041 294 3098 tem
305 3034 391 3098 hora
402 3035 652 3099 ambulavimus
661 3053 739 3096 cum
751 3034 903 3115 reliquiis
913 3043 1121 3114 sanctorum,
1132 3043 1172 3101 ut

225 3135 436 3198 consuetudo
454 3135 547 3198 illius
569 3134 637 3198 diei
658 3135 832 3216 poscebat.
885 3133 985 3198 Unus
1000 3155 1082 3199 vero
1098 3144 1173 3200 erat

226 3253 270 3297 ex
294 3235 393 3298 nobis
416 3254 493 3297 cum
523 3235 595 3311 illo,
621 3234 680 3316 qui
704 3234 793 3298 dixit
815 3233 878 3309 illi,
903 3232 1072 3312 “Adhuc
1098 3255 1171 3299 ma·

226 3335 332 3416 gister
344 3333 576 3410 dilectissime,
598 3333 785 3416 capitulum
807 3353 914 3396 unum
929 3334 1047 3413 deest3
1072 3342 1107 3398 et
1120 3337 1171 3398 vi-

226 3435 326 3498 detur
346 3434 409 3498 tibi
423 3432 558 3498 difficile
579 3452 653 3497 esse
674 3434 752 3516 plus
771 3440 806 3496 te
823 3433 1071 3514 interrogare.''
1122 3433 1173 3499 At

225 3535 294 3612 ille,
315 3533 466 3598 “Facile
486 3534 573 3611 est,''
597 3533 719 3615 inquit.
771 3531 934 3614 “Accipe
959 3540 1056 3596 tuum
1078 3536 1171 3599 cala·

227 3655 330 3712 mum,
359 3641 395 3698 et
416 3641 588 3717 tempera,
612 3639 648 3696 et
670 3632 873 3697 festinanter
900 3634 1052 3714 scribe;'’
1080 3637 1172 3718 quod

225 3735 283 3798 ille
304 3734 396 3798 fecit.
446 3732 503 3797 Ad
531 3752 658 3797 nonam
687 3740 802 3796 autem
825 3733 943 3797 horam
966 3734 1055 3800 dixit
1076 3737 1171 3814 mihi,

226 3839 248 3868 “
259 3833 428 3913 Quaedam
444 3834 600 3916 preciosa
614 3835 651 3896 in
667 3851 744 3896 mea
755 3833 906 3914 capsella
920 3834 1041 3912 habeo,
1056 3837 1091 3899 id
1107 3845 1171 3913 est,

225 3935 389 4017 piperem,
404 3935 530 4011 oraria,
544 3942 579 3997 et
592 3935 733 3998 incensa
745 3953 753 4012 ;
775 3933 835 3997 sed
849 3952 946 3998 curre
960 3935 1123 3998 velociter
1138 3944 1173 3999 ot

225 4037 443 4119 presbyteros
467 4035 577 4099 nostri
591 4033 791 4098 monasterii
804 4033 914 4096 adduc
929 4034 973 4096 ad
989 4054 1055 4111 me,
1076 4041 1115 4098 ut
1138 4043 1173 4098 et

487 4245 496 4278 ¹
514 4249 617 4300 Paulin.
629 4251 656 4299 in
667 4251 727 4299 Vita
738 4250 764 4300 S.
775 4249 910 4300 Ambrosii.
