3160 5018
431 465 473 527 lo
654 482 839 529 rrrsroara
858 482 1160 530 aocnnsrlsrrca
1266 469 1349 550 [tiu.
1369 489 1389 530 1.

430 639 524 703 illius
544 640 772 704 vindicarunt.
817 639 956 703 Etcum
975 640 1155 722 plurimam
1174 639 1296 704 insulae
1311 659 1389 722 par-

432 747 511 815 tem,
531 739 734 821 incipientes
761 740 804 802 ab
829 747 956 816 austro,
975 739 1223 821 possedissent,
1246 741 1390 822 contigit

431 847 566 920 gentem
584 839 759 903 Pictorum
779 840 822 903 de
842 840 994 923 Scythia,
1015 848 1053 903 ut
1070 839 1260 922 perhibent,
1277 841 1388 922 longis

431 940 578 1004 navibus
598 958 667 1003 non
681 931 811 1004 'multis
836 958 1001 1005 oceanum
1030 943 1228 1023 ingressam,
1247 942 1389 1004 circum-

431 1047 554 1120 agente
569 1040 653 1103 flatu
669 1048 858 1118 ventorum,
870 1049 969 1106 extra
982 1042 1067 1106 fines
1080 1059 1196 1104 omnes
1208 1041 1390 1105 Brittaniae
1417 1062 1432 1102 5

431 1137 633 1202 Hiberniam
671 1141 881 1221 pervenisse,
916 1141 1059 1224 ejusque
1102 1141 1386 1223 septentrionales

430 1257 508 1301 oras
528 1240 686 1316 intrasse,
704 1247 820 1322 atque,
833 1242 974 1306 inventa
993 1242 1041 1304 ibi
1063 1247 1163 1322 gente
1183 1241 1389 1317 Scottorum,

430 1338 496 1400 sibi
522 1358 658 1423 quoque
684 1340 720 1402 in
743 1341 899 1422 partibus
922 1341 1015 1404 illius
1042 1342 1141 1404 sedes
1163 1341 1303 1421 petisse,
1323 1359 1387 1403 nec

429 1439 610 1520 impetrare
633 1441 800 1521 potuisse.
854 1441 917 1504 Est
941 1447 1056 1504 autem
1083 1440 1251 1502 Hibernia
1271 1440 1386 1503 insula

430 1541 580 1602 omnium
599 1550 677 1622 post
698 1541 903 1605 Brittaniam
922 1540 1086 1617 maxima,
1105 1540 1149 1603 ad
1173 1539 1386 1602 occidentem
1398 1559 1431 1602 ro

429 1641 566 1722 quidem
582 1641 762 1704 Brittaniae
776 1643 862 1720 sita;
885 1640 944 1703 sed
960 1641 1051 1703 sicut
1061 1647 1181 1702 contra
1192 1639 1386 1720 aquilonem

429 1759 471 1802 ea
497 1741 641 1817 brevior,
666 1741 718 1803 ita
745 1741 781 1802 in
804 1739 978 1803 meridiem
1003 1758 1041 1801 se
1064 1745 1158 1802 trans
1185 1738 1277 1801 illius
1300 1738 1385 1800 fines

428 1839 609 1920 plurimum
623 1838 840 1921 protendens,
855 1858 965 1920 usque
979 1845 1098 1901 contra
1111 1837 1294 1919 Hispania
1308 1857 1384 1918 sop-

428 1939 656 2015 tentrionalia,
676 1939 834 2021 quamvis
849 1959 973 2020 magno
994 1958 1131 2020 aequore
1150 1937 1384 2020 interjacente,

428 2039 596 2121 pervenit.
623 2040 678 2102 Ad
690 2039 778 2102 hauc
788 2059 867 2121 ergo
876 2059 985 2121 usque
996 2039 1235 2120 pervenientes
1247 2038 1384 2118 navigio
1397 2056 1429 2100 1⁵

408 2159 412 2164 ·
429 2139 532 2214 Picti,
543 2145 582 2201 ut
594 2139 754 2216 diximus,
765 2139 938 2220 petierunt
948 2139 984 2201 in
999 2157 1042 2202 ea
1057 2138 1124 2201 sibi
1137 2157 1273 2219 quoque
1285 2137 1384 2201 sedes

428 2244 463 2300 et
474 2237 725 2305 ,habitationem
739 2239 858 2302 donari
871 2259 879 2317 ;
901 2237 1155 2319 respondebant
1170 2236 1290 2313 Scotti,
1302 2237 1383 2318 quia

427 2356 497 2399 non
524 2338 642 2400 ambos
668 2355 728 2399 eos
753 2344 890 2418 caperet
911 2337 1033 2413 insula,
1055 2343 1075 2372 “
1091 2337 1151 2399 sed
1172 2336 1384 2417 possumus,''

427 2437 598 2518 inquiunt,
614 2437 779 2499 “salubre
791 2437 888 2500 vobis
904 2436 985 2499 dare
997 2435 1177 2499 consilium
1189 2437 1272 2517 quid
1285 2455 1384 2516 agere

427 2537 585 2598 valeatis.
623 2535 793 2599 Novimus
808 2535 956 2597 insulam
970 2553 1046 2597 esse
1062 2535 1165 2598 aliam
1179 2553 1248 2596 non
1264 2535 1382 2616 procul
1396 2553 1429 2597 no

427 2655 449 2697 a
472 2641 591 2697 nostra
614 2642 734 2698 contra
761 2641 873 2697 ortum
898 2635 993 2710 soliS,
1016 2653 1121 2715 quam
1149 2652 1242 2716 saepe
1265 2635 1385 2696 lucidi-

426 2734 541 2796 oribus
562 2734 682 2796 diebus
709 2735 751 2797 de
776 2735 876 2814 longe
901 2735 1055 2816 aspicere
1078 2733 1236 2796 solemus.
1280 2733 1383 2796 Hanc

427 2833 520 2896 adire
544 2833 575 2895 si
595 2834 712 2910 vultiS,
736 2834 959 2897 habitabilem
981 2835 1079 2898 vobis
1105 2832 1216 2896 facere
1239 2833 1382 2912 valetis;

426 2933 493 3008 vel,
523 2935 553 2994 si
582 2933 642 3014 qui
671 2933 845 3010 restiterit,
874 2934 974 2996 uobis
1006 2933 1196 2996 auxiliariis
1220 2932 1382 2996 utimini.'’

426 3030 551 3113 Itaque
566 3038 722 3112 petentes
738 3032 945 3096 Brittaniam
957 3033 1048 3096 Picti
1061 3031 1215 3095 habitare
1230 3051 1291 3113 per
1305 3051 1382 3112 sep·
1393 3051 1425 3094 25

426 3130 648 3193 tentrionalcs
664 3131 785 3194 insulae
800 3139 917 3212 partes
933 3138 1120 3212 coeperunt,
1134 3150 1213 3194 uam
1228 3131 1382 3193 austrina

425 3230 600 3294 Brittones
629 3239 891 3312 occupaverant.
951 3230 1104 3312 Cumque
1133 3249 1258 3293 uxores
1288 3229 1379 3294 Picti

423 3349 492 3392 non
512 3329 677 3394 habentes
697 3337 852 3412 peterent
872 3351 894 3394 a
914 3330 1054 3406 Scottis,
1069 3349 1111 3393 ea
1131 3329 1242 3392 solum
1263 3330 1379 3392 condi-

424 3432 516 3495 tione
537 3433 618 3496 dare
636 3438 893 3508 consenserunt,
913 3439 952 3494 ut
974 3431 1032 3494 ubi
1052 3450 1107 3494 res
1127 3428 1320 3511 perveniret
1342 3428 1378 3491 in

461 3695 660 3760 ¹Et-dorrori]
686 3700 718 3748 ln
739 3701 782 3748 the
800 3700 885 3748 saxon
919 3697 1026 3747 Usher’s
1053 3699 1210 3760 Primordia,
1241 3714 1297 3759 cap.
1325 3713 1378 3761 xv„

424 3767 524 3814 version
537 3767 580 3814 the
594 3781 706 3828 passage
721 3769 744 3816 is
756 3769 886 3816 consider·
920 3767 1083 3816 Pinkertou’s
1100 3769 1224 3830 Enquiry,
1241 3783 1267 3828 p.
1285 3759 1321 3815 iii.
1338 3769 1378 3816 ch.

424 3835 484 3895 ably
504 3835 640 3896 abridged.
677 3838 703 3886 lt
722 3853 780 3898 may
796 3838 829 3885 be
847 3852 887 3885 re·
919 3841 944 3898 3,
968 3837 1019 3884 aud
1048 3836 1202 3885 Chalmers’s
1227 3837 1379 3897 Caledonia,

424 3904 532 3953 marked
548 3905 603 3953 that
620 3905 645 3954 in
665 3906 718 3955 this
733 3907 886 3955 translation
919 3905 970 3952 vol.
983 3907 1001 3953 i.
1011 3919 1037 3965 p.
1051 3909 1107 3953 198.
1144 3906 1198 3954 The
1216 3906 1314 3953 Pictish
1332 3906 1378 3965 dy·

424 3973 586 4022 ‘Hibernia'
603 3976 626 4023 is
645 3977 745 4036 always
762 3976 887 4024 rendered
919 3980 995 4034 nosty
1003 3973 1135 4034 prevaiied
1148 3975 1173 4022 iu
1183 3975 1305 4030 scotland
1314 3974 1377 4022 from

424 4042 457 4101 by
470 4043 629 4095 ‘Scotland’
920 4043 963 4091 the
976 4045 1122 4092 abdication
1135 4043 1164 4090 ol
1172 4044 1215 4091 the
1228 4044 1340 4091 Romans
1352 4044 1378 4090 in

458 4111 468 4139 ³
487 4111 587 4158 Gentem
600 4111 736 4176 Pictorum]
760 4113 815 4160 The
828 4125 887 4160 con·
920 4125 948 4161 A.
959 4127 986 4160 n.
999 4116 1048 4160 rto
1060 4111 1116 4176 (see
1129 4109 1142 4176 ξ
1154 4113 1197 4177 32)
1210 4118 1236 4160 to
1250 4112 1293 4160 the
1304 4126 1378 4159 over-

423 4177 521 4238 flictiug
533 4179 647 4228 theories
664 4196 733 4240 upon
746 4181 788 4228 the
804 4181 887 4240 origin
920 4183 1003 4229 throw
1020 4182 1048 4230 of
1065 4182 1142 4229 Wred
1157 4183 1191 4242 by
1207 4181 1337 4243 Keuneth,
1351 4181 1377 4228 iu

423 4247 452 4293 of
468 4247 520 4295 this
540 4249 633 4309 people
654 4263 711 4309 may
732 4249 763 4296 be
784 4263 845 4297 seen
861 4251 887 4297 in
920 4253 977 4298 sla.
