3160 5018
402 403 424 464 4
779 418 989 465 pannosus,

404 569 591 634 dentalium
610 571 797 649 Saxonum,
817 591 966 635 necnon
987 578 1021 634 et
1041 570 1267 634 Orientalium
1288 568 1359 632 An-

404 687 534 767 glorum
549 694 653 769 atque
667 687 1038 769 Nordanhymbrorum‚
1052 706 1074 750 a
1088 687 1213 769 quibus
1229 704 1358 767 praesu-

403 803 493 867 libus
508 807 562 869 vel
576 826 718 888 quorum
731 814 881 888 tempore
896 825 1011 886 regum
1023 804 1165 884 gratiam
1183 801 1361 882 Evangelii

403 921 627 1002 perceperint,
650 924 813 986 nonnulla
836 922 917 984 mihi
940 942 985 985 ex
1010 929 1108 1003 parte
1128 919 1359 1001 prodiderunt.

405 1035 574 1118 Denique,
596 1038 732 1102 hortatu
756 1039 928 1120 praecipue
947 1039 1058 1119 ipsius
1084 1037 1213 1112 Albini,
1238 1043 1278 1097 ut
1298 1034 1393 1096 hoca

404 1171 490 1232 opus
518 1155 654 1235 aggredi
680 1155 848 1232 auderem,
872 1162 1079 1238 provocatus
1106 1173 1190 1216 sum.
1235 1153 1362 1215 Sedet

404 1267 564 1345 Danihel,
580 1271 872 1334 reverentissimus
892 1269 1164 1333 Occidentalium
1185 1269 1359 1332 Saxonum

404 1383 598 1467 episcopua,
614 1387 673 1467 qni
688 1407 777 1450 nunc
792 1405 902 1468 usque
918 1392 1084 1467 superest,
1099 1385 1264 1448 nonnulla
1280 1384 1363 1446 mihi

405 1497 448 1560 de
476 1499 617 1564 historia
643 1503 879 1566 ecclesiastica
901 1503 1086 1583 provinciae
1114 1501 1235 1583 ipsine,
1261 1500 1362 1562 simul

405 1621 440 1678 et
462 1619 619 1697 proxima
640 1619 690 1680 illi
710 1617 922 1682 Australinm
946 1618 1133 1692 Saxonum,
1152 1637 1215 1681 nec
1238 1637 1306 1679 non
1326 1624 1361 1680 et
1375 1635 1405 1678 ro

400 1731 527 1796 'Vectee
542 1733 676 1810 insulae,
691 1735 800 1797 literis
815 1735 979 1798 mandata
997 1735 1196 1799 declaravit
1242 1733 1363 1811 Quali-

407 1857 460 1913 ter
473 1870 554 1913 vero
569 1871 628 1932 per
643 1851 868 1915 ministerium
889 1852 997 1915 Ceddi
1012 1859 1047 1915 et
1066 1852 1216 1928 ceadda,
1232 1852 1364 1932 religio·

406 1985 522 2028 sorum
533 1965 660 2030 Christi
670 1967 961 2043 sacerdotumvel
971 1968 1148 2049 provincia
1160 1967 1364 2030 Merciorum

408 2081 451 2145 ad
476 2081 576 2144 fidem
602 2083 740 2158 Christi,
765 2103 869 2164 quam
893 2103 962 2146 non
986 2090 1138 2160 noverat,
1162 2082 1364 2180 pervenerit,

407 2199 462 2262 vel
483 2199 661 2279 provincia
685 2199 909 2263 Orientalium
932 2199 1109 2262 Saxonum
1128 2199 1239 2273 fidem,
1262 2217 1364 2281 quam
1378 2217 1407 2259 re

408 2315 489 2383 olim
509 2311 761 2392 exsufflaverat,
781 2316 1043 2398 recuperaverit,
1059 2316 1170 2397 qualis
1187 2317 1292 2378 etiarn
1313 2315 1364 2396 ip-

408 2450 523 2494 sorum
542 2439 678 2512 patrum
694 2432 765 2494 vita
778 2431 833 2495 vel
853 2432 968 2495 obitus
987 2433 1168 2508 exstiterit,
1186 2431 1366 2512 diligenter

409 2566 431 2609 a
456 2546 619 2609 fratribus
647 2549 856 2624 monasterii,
882 2549 973 2630 quod
1003 2550 1047 2611 ah
1074 2549 1160 2629 ipsis
1189 2547 1365 2612 eonditum

409 2661 627 2742 Laestingaeu
652 2663 920 2743 cognominatur,
939 2663 1150 2745 agnovimus.
1196 2663 1301 2725 Porro
1330 2661 1366 2723 in

409 2777 586 2858 provincia
602 2777 827 2840 Orientalium
838 2777 1024 2858 Anglorum
1040 2797 1118 2860 quae
1132 2777 1256 2840 luerint
1269 2784 1409 2857 gestam

409 2893 655 2969 ecclesiastica,
669 2893 792 2973 partim
813 2912 857 2955 ex
878 2893 1014 2974 scriptis
1029 2893 1084 2956 vel
1100 2893 1283 2956 traditione
1298 2893 1366 2973 pri-

411 3027 517 3082 orum,
532 3008 657 3088 partim
677 3007 942 3072 reverentissimi
963 3009 1099 3072 abbatis
1115 3008 1176 3072 Esi
1192 3008 1367 3084 relatione,

411 3125 647 3206 comperimus.
690 3123 737 3187 At
757 3143 838 3188 vero
858 3125 894 3187 in
914 3126 1091 3207 provincia
1111 3125 1274 3203 Lindissi,
1289 3143 1366 3206 quae

411 3241 482 3304 sint
510 3248 607 3322 gesta
634 3261 714 3322 erga
743 3241 843 3304 iidem
873 3241 1010 3318 Christi,
1039 3262 1162 3324 quaeve
1193 3242 1367 3305 successio

412 3356 635 3420 sacerdotalis
648 3357 829 3434 exstiterit,
842 3358 896 3422 vel
911 3357 1019 3420 literis
1030 3359 1294 3422 reverentissimi
1307 3378 1367 3421 an·
1378 3376 1410 3420 aa

411 3449 530 3535 tistitis
556 3472 762 3554 Gynibercti,
787 3473 842 3537 vel
869 3473 1010 3536 aliorum
1039 3473 1190 3537 fidelium
1218 3475 1368 3538 virorum

455 3721 602 3785 ⁷Danihel.]
614 3725 747 3786 Bishopof
750 3726 793 3774 the
801 3728 873 3776 West
921 3774 923 3778 ,
941 3725 960 3756 ¹⁹
977 3727 1150 3789 laestingaeu]
1185 3728 1240 3777 'l'he
1262 3729 1368 3790 locality

413 3795 511 3843 Saxone
520 3795 570 3842 and
581 3794 610 3841 os
616 3795 659 3842 the
668 3795 721 3842 Isle
731 3795 759 3842 oi
767 3797 871 3858 Wight;
906 3797 935 3845 oi
948 3797 1000 3845 this
1017 3802 1162 3858 monastery
1180 3799 1202 3846 is
1217 3801 1368 3858 uncertain;

413 3865 445 3912 he
458 3864 577 3924 resigned
594 3863 633 3910 his
646 3878 690 3912 see
707 3865 733 3912 in
749 3869 808 3926 744,
821 3867 873 3914 and
906 3867 927 3914 it
947 3867 969 3914 is
987 3868 1119 3928 generally
1138 3869 1257 3916 believed
1275 3869 1332 3916 thet
1348 3870 1369 3916 it

413 3934 473 3981 died
485 3935 511 3981 in
524 3933 580 3981 that
593 3947 665 3994 year,
679 3949 717 3994 or,
734 3935 872 3995 according
906 3950 960 3984 was
973 3937 1084 3984 situated
1098 3952 1160 3986 near
1174 3937 1290 3997 Whitby.

414 4008 439 4050 to
452 4003 548 4062 others,
562 4003 587 4048 in
600 4007 648 4050 745
663 4018 691 4050 or
704 4007 761 4052 746.
797 4006 872 4053 Some
941 4003 961 4033 ²⁶
981 4005 1136 4068 cynibercti]
1168 4008 1238 4068 Very
1251 4007 1318 4054 little
1331 4007 1368 4054 in-

414 4073 444 4120 ω’
461 4072 500 4119 his
516 4073 604 4119 letters
624 4073 679 4119 will
697 4073 729 4120 be
746 4074 825 4122 found
846 4075 872 4121 in
906 4074 1042 4123 formation
1057 4077 1197 4137 regarding
1209 4076 1262 4124 this
1276 4075 1368 4136 hishop
1437 4123 1438 4126 ,

414 4141 871 4201 theCmrespondeneeosBonil'ace.
907 4144 934 4191 ol
964 4145 1075 4193 Lindissi
1100 4141 1142 4211 (or
1170 4143 1289 4210 Lincoln)
1321 4146 1368 4194 has
