3160 5018
395 451 480 516 xviii
727 463 1012 514 ruruonucrrou.

395 644 460 706 ego
483 621 699 697 munuscula,
718 619 838 702 ‘qualia
852 619 948 684 Deus
970 620 1124 698 donavit,
1142 622 1211 684 illis
1230 622 1344 686 distri·

394 727 508 788 buam.
560 721 696 786 Divites
716 728 831 783 autem
852 720 889 782 in
906 720 971 784 hoc
994 721 1110 786 seculo
1132 741 1266 798 aurum,
1289 738 1344 785 ar-

396 831 549 906 gentum,
573 829 608 885 et
630 821 699 884 alia
721 839 867 902 quaeque
890 821 1057 903 preciosa,
1077 821 1159 885 dare
1184 822 1343 900 student3

395 943 460 1004 ego
481 929 596 986 autem
607 940 684 985 cum
707 920 817 983 multa
831 920 976 984 caritate
990 929 1026 984 et
1040 922 1167 1003 gaudio
1182 921 1344 986 fratribus

395 1023 480 1087 meis
496 1023 597 1099 dabo,
618 1021 710 1104 quod
727 1020 822 1084 Deus
837 1019 979 1084 dederat
990 1021 1022 1100 ;''
1045 1028 1081 1084 et
1102 1021 1167 1086 hoc
1182 1041 1260 1086 cum
1274 1030 1343 1086 tre-

395 1143 490 1187 more
504 1121 580 1186 feci.
633 1121 680 1184 Et
705 1120 876 1184 allocutus
903 1127 957 1184 est
971 1139 1248 1204 unumquemque
1270 1142 1343 1185 mo·

397 1242 481 1287 nens
496 1230 531 1285 et
546 1224 730 1285 obsecrans
746 1240 808 1303 pro
825 1220 1002 1284 comissas
1025 1229 1061 1285 ot
1076 1223 1251 1285 orationes
1265 1222 1342 1284 dili·

397 1330 518 1405 genter
530 1322 663 1400 facere3
687 1320 779 1402 quod
795 1319 845 1382 illi
858 1320 1005 1384 libenter
1019 1322 1301 1404 spoponderunt!

448 1421 466 1506 ᾗ
481 1422 536 1486 21.
560 1421 767 1502 ‘Lugebant
782 1426 897 1482 autem
909 1427 944 1484 et
957 1421 1087 1485 flebant
1100 1441 1232 1499 omnes,
1244 1441 1343 1485 max·

396 1523 463 1586 ime
488 1521 579 1604 quod
603 1521 740 1584 dixerat
763 1519 846 1600 quia
869 1521 1016 1603 amplius
1040 1520 1163 1584 faciem
1187 1522 1343 1586 suumin

396 1621 462 1686 hoc
484 1621 599 1686 seculo
623 1641 694 1685 non
717 1626 832 1683 essent
855 1619 985 1700 visuri3
1010 1620 1207 1702 gaudebant
1228 1629 1344 1685 autem

396 1724 479 1804 quia
493 1721 593 1798 dixit,
608 1720 794 1803 “Tempus
810 1725 874 1796 est,
888 1727 928 1783 nt
944 1727 1098 1784 revertar
1111 1721 1154 1784 ad
1169 1721 1270 1794 Eum,
1286 1722 1345 1803 qui

397 1843 451 1892 me
473 1821 565 1898 fecit,
590 1820 650 1901 qui
674 1839 728 1882 me
751 1819 893 1895 creavit,
914 1821 973 1902 qui
997 1840 1052 1883 me
1077 1841 1122 1884 ex
1146 1820 1253 1884 nihilo
1275 1820 1345 1885 for-

396 1921 515 1984 mavit.
569 1918 721 1982 Multum
756 1925 892 2000 tempus
921 1919 1005 1996 vixi,
1042 1921 1129 1984 bene
1156 1921 1240 1983 mihi
1266 1921 1344 2002 pius

397 2020 420 2084 J
423 2020 516 2084 udex
530 2019 638 2082 vitam
654 2036 765 2081 meam
787 2017 959 2100 praevidit,
976 2027 1109 2102 tempus
1127 2020 1346 2084 resolutionis

397 2140 483 2184 meae
519 2119 639 2195 instat,
673 2118 754 2200 quia
787 2117 888 2200 cupio
926 2118 1068 2183 dissolvi
1097 2127 1133 2184 et
1160 2139 1235 2184 esse
1267 2141 1345 2185 cum

400 2217 690 2297 Christo,”-sic
714 2218 837 2282 etalio
858 2218 969 2283 multa
992 2219 1139 2297 locutus,
1162 2221 1199 2283 in
1223 2220 1347 2284 laetitia

399 2320 489 2384 diem
518 2338 627 2401 usque
658 2318 703 2381 ad
732 2337 914 2401 vesperum
942 2319 1053 2382 duxit.
1106 2319 1153 2383 Et
1180 2319 1346 2402 praefatus

400 2441 486 2503 puer
508 2420 609 2496 dixit,
625 2424 647 2452 “
660 2417 783 2482 Adhuc
805 2437 876 2481 una
898 2417 1081 2496 sententia,
1107 2420 1272 2501 magister
1294 2421 1345 2483 di·

399 2521 500 2597 lecte,
529 2526 675 2584 nonest
703 2518 909 2600 descripta.'’
961 2517 1011 2582 At
1035 2519 1161 2600 inquit,
1185 2519 1345 2598 “Scribe,

401 2620 505 2684 cito.''
558 2619 646 2682 Post
667 2618 839 2682 modicum
869 2617 958 2680 dixit
979 2637 1076 2700 puer,
1100 2618 1241 2683 “Modo
1269 2639 1346 2683 sen-

368 2733 370 2738 ·
401 2720 511 2783 tentia
533 2713 715 2798 descripta
732 2717 819 2780 est.''
871 2715 922 2781 At
942 2718 1012 2794 ille,
1036 2719 1200 2796 “Bene,”
1222 2720 1346 2802 inquit,

402 2818 620 2882 “veritatem
645 2817 777 2892 dixisti,
801 2824 1074 2880 consummatum
1102 2826 1166 2882 est.
1217 2817 1347 2902 Accipe

401 2939 515 2982 meum
529 2923 634 2999 caput
650 2916 687 2978 in
700 2934 822 2978 manus
837 2922 927 2992 tuaS,
948 2916 1029 2997 quia
1045 2918 1191 2980 multum
1212 2939 1267 2982 me
1289 2919 1348 2982 de-

401 3019 508 3081 lectat
522 3017 639 3080 sedere
661 3036 706 3078 ex
720 3016 865 3079 adverso
886 3015 963 3079 loco
985 3025 1106 3081 sancto
1119 3038 1207 3094 meo,
1221 3019 1257 3081 in
1280 3039 1348 3101 quo

402 3137 501 3182 orare
525 3116 688 3192 solebam,
714 3121 813 3178 utet
838 3134 903 3195 ego
928 3115 1050 3178 sedens
1069 3116 1210 3180 Patrem
1235 3139 1349 3182 meum

402 3217 531 3301 possim
547 3214 742 3279 invocare.''
794 3214 841 3278 Et
863 3214 960 3277 sicin
983 3216 1180 3298 pavimento
1196 3235 1269 3282 suae
1292 3238 1349 3283 ca·

403 3318 488 3382 sulae
511 3316 710 3392 decantans
734 3312 891 3378 “Gloria
907 3315 1018 3393 Patri,
1038 3323 1074 3380 et
1093 3316 1193 3393 Filio,
1216 3325 1252 3382 et
1271 3318 1348 3402 Spi-

403 3419 485 3482 ritui
498 3416 660 3494 Sancto,'’
677 3435 755 3479 cum
770 3414 936 3498 Spiritum
951 3414 1116 3481 Sanctum
1127 3419 1349 3496 nominasset,

404 3519 562 3600 spiritum
594 3538 614 3580 e
641 3535 783 3598 corpore
812 3515 991 3581 exhalavit
1019 3518 1196 3598 ultimum;
1236 3526 1271 3582 et
1300 3520 1350 3582 sic

404 3637 513 3697 regna
526 3616 689 3697 migravit
710 3615 755 3678 ad
783 3615 961 3678 coelestia?

456 3715 549 3798 §22
574 3715 724 3778 ‘Omnes
751 3721 878 3790 autem,
904 3716 963 3796 qui
992 3715 1130 3778 audiere
1154 3716 1210 3778 vel
1233 3717 1348 3782 videre
1466 3777 1477 3798 ,

404 3814 498 3880 beati
521 3815 630 3898 patris
658 3813 800 3890 obitum,
827 3833 1003 3896 nunquam
1026 3833 1063 3876 se
1088 3815 1215 3879 vidisse
1241 3817 1349 3880 ullum

406 3916 511 3980 alium
533 3922 605 3979 tam
626 3933 754 3996 magna
773 3913 955 3978 devotione
976 3921 1081 3996 atque
1100 3917 1350 3999 tranquillitate

406 4017 513 4081 vitam
555 4014 672 4077 finisse
709 4013 878 4078 dicebant.
948 4013 1051 4092 Quia,
1091 4017 1180 4080 sicut
1214 4017 1352 4096 audisti,

406 4133 584 4197 quousque
612 4115 727 4176 anima
756 4115 792 4177 in
823 4133 965 4198 corpore
995 4114 1073 4193 fuit,
1104 4115 1225 4180 Gloria
1254 4117 1353 4182 Patri

406 4223 441 4279 et
463 4214 532 4278 alia
558 4213 751 4296 spiritualia
778 4214 936 4293 quaedam
966 4215 1099 4293 cecinit,
1128 4224 1163 4280 et
1189 4218 1352 4299 expansis
