3160 5018
237 1885 390 1924 Sourcrrotlu·

234 1935 353 1976 lormatlon.

401 409 423 471 2
776 423 985 470 rauracus

403 581 466 645 dis.
510 582 590 646 Sive
605 582 695 645 enim
714 581 858 645 historia
876 582 918 644 de
938 579 1038 644 bonis
1060 581 1150 642 bona
1166 577 1298 655 referat,
1313 577 1357 640 ad

403 698 604 761 imitandum
632 700 757 762 bonum
793 698 929 761 auditor
957 697 1124 760 sollicitus
1153 697 1356 776 instigatur;

405 833 467 877 seu
482 815 574 878 mala
588 820 828 892 commemoret
842 813 884 876 de
901 813 1028 894 pravis
1042 811 1261 876 nihilominus
1281 811 1359 874 reli-

406 931 523 1011 giosus
560 950 601 994 ac
634 931 713 1012 pius
749 930 883 994 auditor
916 930 990 992 sive
1025 928 1144 1003 lector,
1173 927 1359 991 devitando

407 1048 499 1128 quod
515 1049 655 1110 noxium
670 1055 724 1111 est
743 1067 784 1110 ac
803 1064 1010 1128 perversum,
1030 1046 1104 1125 ipse
1124 1045 1297 1108 sollertius
1318 1045 1362 1107 ad
1388 1063 1402 1105 a

408 1165 629 1247 exsequenda
649 1185 701 1242 ea,
721 1184 798 1248 quae
818 1166 910 1228 bona
924 1183 965 1226 ac
981 1163 1057 1226 Deo
1075 1163 1178 1244 digna
1191 1181 1267 1225 esse
1282 1181 1360 1242 cog-

408 1282 552 1358 noverit,
568 1282 776 1345 accenditur.
822 1281 922 1358 Quod
941 1281 1053 1362 ipsum
1069 1287 1107 1342 tu
1123 1299 1260 1361 quoque
1275 1279 1360 1359 vigi-

408 1397 596 1461 lantissime
612 1397 879 1480 deprehendens,
894 1397 1072 1460 historiam
1091 1401 1312 1458 memoratam
1327 1395 1362 1456 in

409 1514 568 1578 notitiam
597 1515 660 1577 tibi
690 1514 859 1596 simulque
889 1513 950 1588 eiS,
979 1512 1104 1594 quibus
1140 1519 1173 1573 te
1205 1511 1362 1591 regendis

409 1630 540 1694 Divina
569 1630 721 1712 praefecit
748 1629 945 1705 auctoritas,
979 1628 1023 1690 ob
1054 1626 1220 1708 generalis
1247 1645 1363 1689 curam
1375 1643 1406 1687 10

410 1747 534 1810 salutis
548 1747 652 1810 latius
666 1745 840 1828 propalari
855 1745 1040 1808 desideras.

452 1863 514 1944 §2
538 1861 588 1926 Ut
609 1868 724 1924 autem
741 1861 777 1922 in
795 1859 849 1921 his
875 1879 953 1942 quae
974 1861 1106 1941 scripsi,
1132 1859 1186 1923 vel
1212 1860 1286 1934 tibi,
1309 1857 1364 1923 vel

411 1979 534 2043 ceteris
556 1978 768 2042 auditoribus
784 1979 857 2042 sive
875 1978 1061 2042 lectoribus
1080 1976 1181 2058 hujus
1201 1977 1364 2050 historiae,

411 2095 627 2159 occasionem
638 2095 816 2158 dubitandi
826 2095 1038 2172 subtraham,
1049 2095 1172 2176 quibus
1183 2092 1257 2156 haec
1268 2113 1366 2156 max-

411 2211 477 2272 ime
493 2211 689 2273 auctoribus
705 2210 880 2273 didicerim
898 2210 1045 2274 breviter
1058 2210 1215 2272 intimare
1230 2211 1366 2273 curabo.
1379 2228 1409 2271 15

413 2327 545 2390 Auctor
568 2335 647 2390 ante
669 2347 786 2391 omnes
807 2335 910 2410 atque
932 2327 1069 2410 adjutor
1087 2326 1246 2408 opusculi
1266 2326 1367 2408 hujus

414 2443 560 2508 Albinus
585 2445 675 2508 abba
694 2444 987 2509 reverentissimus
1006 2443 1057 2506 vir
1076 2442 1267 2524 peremnia
1288 2441 1368 2506 doc·

408 2549 569 2624 tissimus
587 2561 742 2638 exstitit3
766 2561 824 2643 qui
844 2560 881 2621 in
900 2559 1047 2622 ecclesia
1067 2556 1327 2620 Cantuariorum
1347 2579 1369 2621 a

414 2677 527 2738 beatae
541 2677 712 2739 memoriae
727 2675 905 2738 Theodoro
920 2673 1175 2755 archiepiscopo
1191 2681 1227 2736 et
1241 2673 1369 2736 Hadri-

417 2809 483 2852 ano
499 2792 634 2866 abbate,
643 2791 726 2854 viris
739 2791 988 2854 venerabilibus
1001 2798 1104 2872 atque
1118 2789 1371 2866 eruditissimis,
1382 2807 1414 2851 no

313 2905 329 2930 ⁶
415 2908 606 2985 institutus,
621 2908 799 2989 diligenter
813 2908 937 2984 omnia,
956 2927 1033 2990 quae
1048 2907 1084 2968 in
1098 2908 1176 2988 ipsa
1191 2906 1371 2970 Cantuari-

417 3041 512 3084 orum
527 3023 713 3103 provincia,
726 3023 781 3086 vel
796 3023 899 3086 etiam
910 3023 946 3085 in
957 3023 1126 3104 contiguis
1140 3023 1249 3086 eidem
1263 3023 1369 3104 regio·

417 3139 529 3215 nibus,
541 3157 563 3200 a
578 3137 756 3220 discipulis
767 3139 861 3201 beati
872 3157 973 3219 papae
988 3137 1142 3219 Gregorii
1157 3147 1255 3220 gesta
1268 3139 1373 3216 fuere,

418 3256 472 3318 vel
493 3256 709 3319 monimentis
726 3256 903 3318 literarum
922 3255 977 3318 vel
998 3256 1166 3318 seniorum
1188 3255 1373 3319 traditione

419 3381 643 3453 cognoverat3
667 3380 702 3436 et
717 3392 759 3436 ea
774 3373 855 3435 mihi
870 3373 912 3436 de
927 3373 991 3450 his,
1003 3392 1080 3454 quae
1095 3372 1257 3435 memoria
1272 3371 1375 3452 digna
1385 3391 1416 3434 25

455 3666 473 3697 ¹⁷
490 3669 610 3730 Albinus]
624 3671 732 3730 Lelaud,
742 3671 881 3730 Batonius,
914 3671 1053 3719 addressed
1066 3673 1099 3731 by
1113 3673 1187 3721 Beda
1202 3679 1228 3720 to
1240 3674 1290 3722 this
1302 3675 1375 3722 Albi·

419 3739 531 3800 Reyner,
550 3741 629 3798 Cave,
650 3741 700 3787 aud
717 3740 804 3788 others
822 3755 881 3788 cou-
914 3755 971 3802 nus,
984 3740 1110 3802 thanlring
1122 3741 1174 3789 him
1190 3743 1229 3790 for
1240 3744 1283 3792 the
1296 3749 1376 3792 trans-

418 3807 498 3855 found
525 3808 567 3856 the
589 3808 700 3857 Albinus
727 3809 787 3856 here
812 3825 880 3858 men·
914 3811 1017 3858 mission
1035 3810 1064 3858 of
1076 3811 1225 3860 documents
1242 3817 1268 3861 to
1286 3814 1317 3861 be
1336 3813 1375 3862 in·
1440 3835 1441 3838 ¹

419 3877 517 3937 tloned,
541 3878 600 3925 who
620 3879 681 3926 died
702 3879 727 3925 in
751 3879 795 3927 the
819 3893 882 3940 year
914 3880 1037 3928 sertedia
1054 3879 1094 3928 his
1107 3881 1300 3931 Ecclesiastieal
1313 3883 1375 3930 His-

420 3949 478 4007 732,
498 3947 562 3994 with
581 3947 624 3996 the
645 3963 713 3996 more
735 3949 880 3998 celebrated
914 3954 978 4010 lory.
1013 3949 1067 3997 The
1079 3951 1141 3998 Sax.
1159 3951 1220 4000 here
1236 3949 1377 4013 adda—se

421 4015 531 4064 Flaccus
543 4017 663 4077 Albinus,
672 4032 701 4065 or
710 4015 881 4079 Alcuin,who
916 4033 976 4066 waes
985 4019 1053 4067 wide
1067 4019 1171 4080 gelaren
1184 4023 1232 4070 and
1248 4023 1375 4083 gelaered3

421 4084 580 4133 diedin804.
598 4087 881 4148 Mabillonhasprinted
916 4088 966 4136 ‘he
984 4087 1035 4136 had
1052 4090 1178 4139 travelled
1194 4091 1242 4153 far,
1255 4093 1305 4140 and
1322 4106 1377 4139 was

422 4155 448 4200 in
465 4153 505 4200 his
522 4153 618 4202 Vetera
632 4157 758 4204 Analecta
775 4171 791 4205 a
806 4159 882 4205 letter
916 4157 1040 4208 learned’
