3160 5018
433 499 476 562 12
653 513 839 562 ursronrn
859 513 1162 560 nccnnsrusmcn
1264 497 1348 578 [mn.
1366 516 1387 558 1.

433 670 575 734 missam
600 689 641 734 ac
665 670 763 753 potui
795 670 923 747 datam,
949 670 1076 734 talibus
1102 668 1257 750 protinus
1283 675 1391 732 totam

432 769 504 832 vim
524 771 646 833 veneni
667 769 867 850 grassantia,
888 775 997 833 totum
1021 769 1132 832 inflati
1157 768 1307 849 corporis
1330 768 1390 830 ab·

433 869 599 932 sumsisse
627 889 667 932 ac
696 869 837 932 sedasse
865 875 1041 932 tumorem.
1075 869 1195 932 'Dives
1220 868 1322 931 lactis
1348 886 1389 931 ac

433 969 544 1032 mellis
559 969 682 1043 insula,
695 987 758 1031 nec
778 969 953 1032 vinearum
975 987 1110 1050 expers,
1125 967 1269 1049 piscium
1292 967 1390 1031 volu·

434 1087 606 1150 crumque,
631 1069 690 1131 sed
716 1074 751 1130 et
772 1086 948 1130 cervorum
973 1085 1240 1148 caprearumque
1264 1072 1391 1130 venatu
1418 1085 1433 1128 5

434 1167 587 1249 insignis.
631 1167 720 1231 Haec
748 1174 862 1230 autem
892 1169 1027 1248 proprie
1056 1167 1169 1248 patria
1195 1165 1389 1228 Scottorum

434 1276 506 1348 est;
527 1270 571 1333 ab
583 1270 648 1332 hac
659 1269 797 1350 egressi,
809 1276 848 1332 ut
857 1268 1017 1345 diximus
1028 1269 1165 1332 tertiam
1173 1269 1208 1331 in
1219 1267 1391 1330 Brittania

435 1369 648 1432 Brittonihus
683 1377 717 1433 et
752 1369 860 1433 Pictis
888 1375 1023 1449 gentem
1057 1369 1270 1431 addiderunt.
1327 1365 1391 1429 Est

434 1476 547 1532 autem
576 1470 671 1532 sinus
703 1469 806 1532 maris
838 1469 1080 1550 permaximus,
1110 1469 1169 1550 qui
1200 1467 1390 1548 antiquitus

434 1575 568 1648 gentem
602 1568 798 1632 Brittonum
827 1587 849 1631 a
877 1567 987 1631 Pictis
1013 1569 1222 1644 secernebat,
1251 1566 1312 1648 qui
1346 1565 1390 1628 ab
1403 1584 1434 1628 ιο

433 1668 611 1730 occidente
633 1667 669 1729 in
694 1674 801 1730 terras
824 1667 926 1747 longo
946 1667 1060 1748 spatio
1081 1667 1238 1748 erumpit,
1258 1666 1318 1727 ubi
1337 1672 1391 1727 est

433 1767 557 1829 civitas
581 1767 775 1829 Brittonum
798 1767 1027 1830 munitissima
1046 1785 1156 1848 usque
1177 1765 1288 1840 hodie,
1312 1782 1390 1846 quaa

433 1873 577 1930 vocatur
595 1865 759 1942 Alcluith,
780 1867 823 1928 ad
843 1866 942 1948 cujus
965 1866 1126 1929 videlicet
1143 1865 1238 1927 sinus
1258 1871 1390 1944 partem

434 1967 736 2047 septentrionalem
752 1967 872 2044 Scotti,
884 1985 971 2049 quos
986 1966 1146 2040 diximus,
1159 1964 1390 2038 advenientes

433 2066 500 2128 sibi
514 2066 625 2128 locum
641 2068 761 2148 patriae
776 2066 939 2129 fecerunt.
1404 2079 1433 2122 15

810 2319 949 2378 CAPUT
968 2318 1010 2376 II.

468 2474 505 2530 Ut
519 2473 693 2530 Brittaniam
705 2471 813 2550 primus
827 2472 1014 2528 Romanorum
1029 2469 1117 2526 Caius
1128 2467 1227 2525 Julius
1241 2449 1355 2524 adierit.

274 2637 307 2685 B.
318 2636 348 2685 c.
361 2641 402 2686 ee.
433 2618 494 2700 §9.
517 2617 662 2680 Vnnuiu
688 2617 808 2680 eadem
830 2616 1003 2680 Brittania
1025 2615 1193 2679 Romanis
1214 2635 1324 2697 usque
1345 2615 1390 2678 ad

258 2703 416 2743 Julinecoemr’e

260 2755 398 2803 „memus
434 2716 555 2780 Caium
569 2717 592 2779 J
595 2717 700 2779 ulium
715 2713 886 2779 Caesarem
902 2716 1081 2778 inaccessa
1096 2723 1200 2801 atque
1215 2715 1391 2794 incognita

260 2803 358 2892 {2‘};³¹¹¹⁰
367 2803 414 2842 ⁸¹¹·
432 2816 520 2895 suit3
542 2816 612 2897 qui,
626 2834 715 2877 anno
730 2815 773 2877 ab
786 2813 878 2876 Urbe
894 2814 1034 2877 condita
1045 2815 1295 2878 sexcentesimo
1307 2833 1390 2877 non·
1402 2832 1434 2876 ao

434 2917 585 2996 agesimo
605 2915 717 2990 tertio,
738 2922 818 2977 ante
838 2933 919 2978 vero
937 2915 1183 2977 incarnationis
1200 2913 1390 2977 Dominicac

433 3025 567 3096 tempus
579 3033 668 3076 anno
682 3014 907 3094 sexagesimo,
919 3012 1055 3076 functus
1068 3013 1176 3094 gradu
1188 3013 1390 3076 consulatus

434 3135 513 3178 cum
524 3114 632 3176 Lucio
645 3113 780 3188 Bibulo,
792 3112 871 3175 dum
884 3121 1004 3176 contra
1015 3111 1261 3175 Germanorum
1271 3111 1391 3175 Gallo-

434 3233 576 3295 rumque
592 3219 721 3294 gentes,
735 3213 794 3293 qui
808 3211 930 3274 Rheno
950 3219 1084 3274 tantum
1103 3211 1241 3274 flumine
1257 3211 1391 3274 dirime-

434 3316 569 3390 bantur,
583 3315 709 3376 bellum
730 3319 870 3394 gereret,
889 3313 984 3375 venit
1002 3311 1046 3374 ad
1067 3310 1232 3387 Morinos
1247 3311 1337 3374 unde
1355 3312 1389 3373 iu
1402 3330 1433 3374 ne

436 3415 641 3478 Brittaniam
656 3413 831 3495 proximus
851 3420 886 3476 et
903 3411 1124 3475 brevissimus
1140 3411 1304 3473 transitus
1319 3419 1390 3489 est;

435 3523 481 3590 et,
496 3515 641 3578 navibus
656 3513 819 3576 onerariis
840 3520 944 3594 atque
965 3510 1128 3573 actuariis
1148 3511 1282 3572 circiter
1297 3519 1391 3574 octo-

479 3745 488 3773 ⁸
505 3746 573 3808 Est]
590 3746 644 3794 The
653 3746 796 3794 remeinder
807 3745 836 3793 oi
845 3744 896 3793 this
961 3742 981 3771 ²⁰
998 3743 1192 3805 Sexcenterimo]
1212 3743 1389 3791 Thisdatere-

437 3817 543 3877 chapter
556 3818 578 3864 is
591 3815 696 3863 omitted
710 3816 736 3862 in
750 3815 794 3862 the
809 3815 895 3863 Saron
928 3813 978 3861 iere
996 3818 1022 3861 to
1043 3812 1085 3860 the
1104 3814 1237 3860 consulate
1256 3811 1285 3860 oi
1302 3812 1390 3860 Caesar

439 3887 547 3934 version.
929 3881 991 3928 with
1012 3882 1132 3942 Bibulus,
1151 3887 1194 3930 not
1213 3887 1238 3929 to
1258 3881 1298 3928 his
1316 3886 1390 3941 entry

474 3951 637 4014 13Αῑεῑιιὶϋι]
660 3953 726 4001 Now
737 3953 896 4000 Dunbartou.
928 3951 981 3998 into
994 3951 1104 3998 Britain.
1141 3950 1171 3997 ln
1190 3951 1229 3997 his
1246 3951 1299 3998 first
1312 3963 1390 4009 expe·

473 4021 493 4051 ¹⁶
509 4025 602 4072 Carur
614 4021 665 4083 ΙΙ.]
683 4023 746 4070 This
756 4022 863 4081 chapter
875 4021 897 4068 ie
928 4020 1010 4067 dition
1019 4020 1051 4067 he
1059 4019 1152 4068 lauded
1161 4023 1194 4067 26
1203 4019 1273 4080 Aug.
1282 4031 1307 4066 u.
1315 4031 1339 4066 c.
1347 4023 1390 4078 tt,

438 4092 501 4138 with
530 4106 546 4140 a
575 4107 634 4151 very
664 4090 713 4138 few
739 4091 898 4149 alterations,
930 4088 1334 4148 andremainedabout23days;
1349 4087 1390 4136 his

437 4159 516 4207 taken
533 4160 597 4207 from
615 4160 734 4220 Orosius,
750 4160 784 4207 vi.
796 4162 828 4218 9;
847 4159 898 4206 and
931 4159 1025 4205 second
1042 4157 1170 4206 extended
1184 4158 1248 4204 from
1264 4158 1344 4205 about
1358 4161 1390 4203 18

438 4229 460 4275 is
473 4229 578 4276 omitted
591 4229 616 4275 in
631 4227 673 4276 the
688 4229 773 4277 Saron
789 4227 898 4276 transla—
931 4226 1036 4286 August
1051 4231 1077 4274 to
1092 4227 1171 4275 about
1183 4231 1214 4274 19
1232 4226 1391 4287 September,

439 4297 500 4344 tion.
932 4307 957 4344 a.
971 4308 994 4343 c.
1009 4299 1049 4342 ⁵4.
