3160 5018
197 468 272 512 css.
292 448 329 528 1.]
482 466 621 513 cuurrs
639 465 869 514 nscuonuru.
1132 452 1154 514 9

196 621 316 702 viginti
339 630 373 685 et
397 629 476 685 octo
501 623 721 686 nobilissimis
741 624 906 705 insignita
930 630 1054 706 praeter
1079 644 1153 688 cas·

194 723 278 785 tella
290 723 479 800 innumera,
494 742 571 804 quae
586 730 621 786 et
635 723 714 805 ipsa
727 725 843 800 muris,
858 724 1018 799 turribus,
1033 724 1154 805 portis,

195 843 237 886 ac
252 823 338 885 seris
353 831 450 886 erant
464 824 630 888 instructa
646 824 858 888 firmissimis.

237 923 255 1005 ξ
269 923 300 986 6.
323 923 369 985 Et
379 923 461 1005 quia
472 943 578 1004 prope
592 925 655 986 sub
667 925 744 1005 ipso
758 923 1016 1005 septentrionali
1026 924 1153 988 vertice
1172 945 1236 995 aas,

166 1023 309 1084 emundi
330 1022 436 1104 jacet,
455 1023 588 1085 lucidas
612 1031 734 1087 aestate
757 1033 876 1087 noctes
892 1023 1015 1098 babet,
1038 1023 1089 1087 ita
1114 1033 1155 1087 ut

194 1123 307 1184 medio
322 1142 416 1204 saepe
435 1130 584 1204 tempore
604 1123 716 1186 noctis
736 1123 774 1184 in
792 1123 1019 1204 quaestionem
1039 1123 1155 1186 veniat

193 1222 417 1298 intuentibus
434 1229 546 1284 utrum
565 1223 802 1305 crepusculum
823 1222 934 1286 adbuc
954 1230 1155 1304 permaneat

194 1323 437 1402 vespertinum,
453 1342 497 1385 an
513 1322 586 1406 jam
606 1323 785 1386 advenerit
802 1321 1018 1398 matutinum,
1033 1327 1154 1403 utpote

194 1429 362 1485 nocturno
387 1422 459 1484 sole
487 1442 555 1484 uon
579 1423 679 1503 longe
704 1423 769 1485 sub
794 1421 892 1484 terris
919 1421 962 1485 ad
989 1422 1154 1485 orientem

153 1539 183 1582 ro
194 1522 351 1584 boreales
366 1541 427 1603 per
440 1522 561 1603 plagas
576 1523 757 1600 redeunte;
780 1521 871 1585 unde
883 1522 986 1584 etiam
998 1521 1153 1602 plurimae

193 1619 417 1700 longitudinis
432 1621 536 1684 habet
549 1621 622 1684 dies
639 1629 771 1697 aestate,
787 1621 874 1683 siout
890 1627 925 1682 et
940 1628 1060 1684 noctes
1074 1638 1155 1682 con-

196 1726 249 1782 tra
263 1720 299 1782 in
313 1722 444 1798 bruma,
464 1721 536 1784 sole
556 1721 715 1784 nimirum
729 1729 810 1784 tunc
826 1721 974 1802 Lybicas
988 1719 1024 1782 in
1039 1728 1154 1800 partes

196 1820 387 1897 secedente,
398 1820 432 1883 id
446 1829 510 1899 est,
522 1821 679 1884 horarum
693 1821 810 1884 decem
822 1827 960 1906 etocto.
992 1819 1154 1883 Plurimae

194 1919 276 1982 item
311 1921 490 1984 brevitatis
523 1929 642 1984 noctes
670 1927 793 1984 aestate
821 1927 856 1983 et
884 1919 957 1982 dies
986 1919 1090 1984 habet
1119 1922 1155 1984 in

154 2039 182 2082 15
194 2021 326 2096 bruma,
352 2021 416 2084 hoc
445 2029 509 2097 est,
535 2041 597 2084 sex
625 2020 837 2084 solummodo
863 2021 1153 2103 aequinoctialium

194 2119 373 2200 horarum;
406 2140 484 2183 cum
516 2122 551 2184 in
585 2119 757 2197 Armenia,
793 2119 1009 2198 Macedonia,
1039 2119 1154 2198 Italia,

195 2221 386 2301 ceterisque
410 2220 562 2303 ejusdem
590 2221 692 2284 lineae
722 2220 928 2301 regionibus,
952 2219 1154 2300 longissima

195 2321 267 2404 dies
288 2322 362 2384 sive
382 2340 452 2384 nox
472 2321 676 2402 quindecim,
696 2321 898 2385 brevissima
916 2339 1040 2386 novem
1062 2339 1154 2382 com·

193 2421 289 2502 pleat
302 2420 415 2484 horas.

151 2539 182 2582 ro
234 2521 299 2602 §7-
322 2520 411 2583 Haec
429 2521 465 2582 iu
485 2523 656 2602 praesenti,
675 2521 780 2604 juxta
798 2541 974 2584 numerum
991 2520 1152 2584 librorum
1174 2545 1312 2594 lalaetano,

1173 2599 1265 2645 uarnely,

194 2619 321 2701 quibus
345 2620 420 2682 Lex
446 2621 574 2685 Divina
600 2622 729 2702 scripta
749 2628 813 2697 est,
834 2621 985 2702 quinque
1003 2620 1153 2700 gentium

192 2721 318 2801 linguis
334 2739 438 2782 unam
452 2721 672 2802 eamdemque
687 2739 828 2784 summae
840 2719 995 2782 veritatis
1014 2727 1050 2781 et
1064 2738 1153 2784 verae

193 2819 416 2884 sublimitatis
431 2821 609 2884 scientiam
623 2830 795 2885 scrutatur
809 2829 844 2884 et
858 2819 1058 2898 confitetur;
1081 2817 1153 2881 An·

194 2920 324 3000 glorum
337 2919 508 2997 videlicet,
525 2919 732 2998 Brittonnm,
747 2920 952 2996 Scottorum,
967 2919 1153 2995 Pictorum,

149 3038 180 3082 es
193 3027 228 3082 et
247 3019 458 3096 Latinorum,
484 3040 562 3102 quae
586 3020 806 3083 meditatione
827 3019 1075 3100 Scripturarum
1098 3037 1153 3080 ce·
1250 3047 1253 3073 a

194 3113 276 3182 ieris
307 3119 464 3182 omnibus
498 3126 552 3182 est
583 3119 677 3182 facta
704 3117 903 3181 communis.
963 3116 1006 3180 In
1034 3117 1152 3198 primis

194 3225 310 3282 autem
321 3217 395 3281 haec
408 3218 523 3281 insula
537 3217 711 3281 Brittones
728 3218 848 3292 solum,
858 3236 879 3279 a
891 3216 1015 3298 quibus
1028 3234 1152 3278 nomen
1174 3238 1265 3286 aaroni,

191 3318 338 3399 accepit,
351 3318 483 3380 incolas
498 3317 637 3396 habuit;
660 3317 720 3399 qni
732 3318 774 3380 de
789 3323 902 3380 tractu
917 3314 1151 3391 Armoricano,

192 3425 232 3480 ut
246 3416 362 3493 fertur,
377 3416 581 3480 Brittaniam
602 3417 747 3492 advecti,
766 3416 935 3480 australes
953 3415 1020 3478 sibi
1034 3423 1150 3496 partes

230 3671 237 3700 ¹
263 3673 407 3722 Civitatibus
431 3674 520 3734 uiginti
538 3679 562 3722 et
583 3673 656 3736 oeta]
691 3673 760 3723 Gall.
783 3675 828 3722 vii.
848 3678 890 3734 ⁷5,
914 3675 1063 3722 ‘universae
1088 3675 1153 3722 civi-

193 3744 658 3804 Concerningtbese,seetbenoteat
690 3749 757 3792 tates
780 3758 837 3803 quae
860 3757 982 3791 oceanum
1010 3744 1152 3804 attingunt,

193 3812 353 3874 Gilumta.
690 3813 824 3860 Gallorum
848 3813 1032 3860 consuetudine
1061 3811 1152 3859 Armo-

229 3879 250 3908 ’ὅ
267 3882 354 3929 linctu
372 3879 544 3942 Ammianus]
575 3881 657 3929 Smitb
690 3882 749 3929 ricae
772 3880 956 3941 appellantur?
999 3881 1055 3928 Tbe
1078 3881 1152 3928 word

192 3965 311 3999 assumes
319 3951 376 3999 that
383 3950 416 4010 by
426 3949 470 3997 the
480 3951 566 3998 words
574 3951 582 3977 ‘
591 3955 657 3998 trac·
691 3948 835 4009 Armorica,
847 3949 924 4010 being
936 3949 1113 4010 compounded
1126 3949 1155 3996 ol

191 4024 222 4067 tu
236 4019 411 4068 Armoricauo’
420 4019 495 4067 Beda
506 4033 594 4067 means
605 4033 657 4066 mo·
688 4034 738 4079 ure,
749 4019 847 4078 before,
860 4020 912 4068 end
920 4033 991 4079 more,
1001 4019 1044 4066 tbe
1057 4032 1112 4078 sea,
1130 4018 1153 4066 is

191 4090 258 4136 dem
268 4089 410 4150 Bretagne,
422 4089 468 4135 bot
480 4088 531 4136 this
542 4089 565 4136 is
575 4088 607 4148 by
625 4103 658 4135 no
689 4087 871 4148 consequently
885 4089 992 4150 capable
1005 4087 1034 4134 ol
1046 4102 1062 4134 a
1076 4087 1153 4135 much

191 4171 282 4205 means
292 4158 363 4206 clear
375 4157 450 4204 when
464 4171 503 4204 we
518 4157 658 4204 remember
690 4159 772 4206 wider
800 4157 993 4217 interpretation
1019 4156 1081 4205 thau
1106 4157 1153 4204 bas

192 4226 237 4274 tbe
245 4225 524 4289 statementol'Caesar,
534 4227 573 4274 De
581 4227 658 4274 Bello
690 4228 753 4275 been
762 4227 881 4285 assigned
892 4232 917 4274 to
926 4227 955 4274 it.
