3160 5018
268 2716 303 2765 A.
315 2716 348 2765 D.
360 2719 402 2764 46.

269 2783 349 2821 Britain
359 2784 390 2821 in·
434 2811 435 2814 η

269 2834 335 2871 varied
348 2835 374 2881 hy

268 2882 375 2928 Claudius,

436 429 478 490 14
658 445 840 491 nrsrourn
862 445 1163 493 necunsrlsrrci
1265 435 1348 514 [uin.
1368 451 1390 492 1.

435 600 561 666 infixae.
610 600 713 678 Quod
743 601 801 664 ubi
831 621 852 664 a
880 600 1047 664 Romanis
1075 599 1321 683 deprehensum
1351 621 1392 664 ac

436 702 583 766 vitatum
609 709 673 778 est,
696 701 851 778 Barbari,
876 701 1047 782 legionum
1068 702 1232 783 impetum
1251 720 1320 763 non
1343 700 1393 763 se-

435 809 560 878 rentes,
590 799 686 866 silvis
715 821 791 866 sese
817 801 989 877 obdidere,
1012 800 1103 864 unde
1133 801 1260 864 crebris
1285 801 1394 882 irrup-

436 901 586 965 tionibus
617 900 792 964 Romanos
820 902 967 982 graviter
995 919 1036 962 ac
1062 919 1155 981 saepe
1183 900 1392 963 lacerabant.

437 1000 574 1065 Interea
592 1001 839 1065 Trinovantum
859 1001 1051 1064 firmissima
1070 1000 1204 1077 civitas
1223 1020 1300 1063 cum
1322 999 1394 1061 An·
1422 1021 1437 1061 a

436 1102 554 1183 drogia
569 1102 666 1178 duce,
691 1102 781 1165 datis
802 1101 1029 1184 quadraginta
1049 1101 1238 1177 obsidibus
1261 1100 1392 1164 Caesari

437 1221 513 1265 sese
539 1202 653 1281 dedit3
684 1202 775 1282 quod
803 1201 997 1282 exemplum
1027 1207 1155 1264 secutae
1184 1201 1285 1263 urbes
1315 1200 1393 1263 aliae

437 1301 628 1384 complures
643 1302 679 1364 in
692 1301 806 1364 foedus
823 1301 1054 1364 Romanorum
1068 1305 1241 1365 venerunt.
1267 1299 1395 1362 Iisdem

438 1402 760 1478 demonstrantibus
792 1400 910 1464 Caesar
937 1401 1100 1482 oppidum
1133 1399 1396 1464 cassobellauni

437 1503 527 1568 inter
540 1501 627 1564 duas
641 1501 786 1582 paludes
798 1501 912 1577 situm,
925 1502 1067 1564 obtentu
1081 1501 1220 1582 insuper
1231 1500 1394 1563 silvarum
1407 1518 1439 1561 ιο

438 1603 618 1678 munitum,
632 1601 857 1683 omnibusque
876 1603 978 1665 rebus
999 1601 1297 1676 confertissimum,
1319 1612 1395 1664 tan-

439 1702 516 1766 dem
540 1703 634 1783 gravi
653 1721 769 1782 pugna
789 1702 890 1783 cepit.
935 1699 1025 1763 Exin
1045 1700 1163 1764 Caesar
1183 1720 1204 1764 a
1224 1701 1397 1764 Brittania

439 1821 596 1866 reversus
612 1801 648 1862 in
663 1800 825 1878 Galliam,
841 1810 1024 1883 postquam
1038 1801 1190 1881 legiones
1205 1801 1241 1862 in
1254 1799 1397 1864 hiberna

440 1903 543 1979 misit,
556 1902 743 1982 repentinis
758 1902 922 1966 bellorum
941 1902 1142 1965 tumultibus
1162 1901 1312 1982 undique
1333 1901 1397 1963 cir-

441 2007 642 2066 cumventus
656 2007 691 2064 et
705 2000 922 2066 conflictatus
938 2008 1001 2064 est.
1410 2018 1440 2060 15

812 2277 950 2337 CAPUT
970 2279 1028 2338 ΙΙΙ.

447 2406 485 2461 Ut
502 2405 622 2464 camdem
639 2405 774 2464 secandos
787 2407 974 2463 Romanorum
989 2405 1128 2462 Claudias
1146 2404 1251 2471 adicus,
1271 2403 1397 2460 Orcadas

482 2485 565 2539 etiam
575 2482 684 2540 insulas
694 2485 818 2540 Romano
827 2482 959 2557 adjecerit
968 2485 1098 2560 imperio:
1119 2482 1167 2539 scd
1176 2488 1202 2538 et
1215 2483 1397 2558 Vespasianus

482 2559 518 2616 ab
529 2579 559 2616 eo
572 2561 671 2616 missas
690 2562 798 2618 Vestam
811 2579 915 2636 qaoque
928 2559 1049 2616 insolam
1062 2561 1197 2616 Romanis
1208 2558 1370 2616 subdiderit.

444 2707 461 2790 §
475 2707 527 2770 10.
549 2708 665 2770 Auuo
681 2715 794 2772 autem
813 2709 857 2772 ab
873 2709 967 2772 Urbe
982 2709 1121 2772 condita
1137 2707 1399 2789 septingentesi-
1411 2725 1444 2770 20

443 2827 499 2870 mo
512 2809 734 2888 nonagesimo
746 2819 881 2886 octavo,
891 2808 1056 2872 Claudius
1067 2809 1261 2890 imperator,
1271 2808 1314 2869 ab
1326 2805 1399 2868 Au-

444 2915 544 2988 gusto
560 2914 714 2990 quartus,
727 2908 868 2989 cupiens
882 2908 1001 2971 utilem
1015 2908 1210 2990 reipublicae
1226 2911 1399 2968 ostentare

443 3008 642 3088 principem,
654 3009 779 3071 bellum
792 3009 918 3090 ubique
927 3016 963 3072 et
973 2998 1152 3072 victoriam
1163 3006 1399 3086 undecumque

444 3107 623 3187 quaesivit3
647 3107 766 3188 itaque
780 3108 1034 3189 expeditionem
1049 3107 1085 3168 in
1104 3105 1309 3169 Brittaniam
1328 3122 1400 3165 mo-

444 3207 505 3283 vit,
520 3226 599 3288 quae
619 3207 773 3270 excitata
791 3207 827 3268 in
846 3207 1027 3270 tumultum
1047 3213 1186 3288 propter
1204 3223 1273 3267 non
1292 3201 1402 3266 redhi-
1413 3221 1445 3264 2⁵

443 3309 535 3370 bitos
564 3307 758 3389 transfugas
783 3308 971 3372 videbatur.
1021 3307 1254 3370 Transvectus
1284 3305 1319 3365 in
1348 3302 1400 3364 in-

479 3533 490 3562 ⁶
504 3531 693 3604 itinerantem]
704 3535 832 3597 Probably
841 3537 906 3584 Lon·
976 3532 994 3561 ⁹¹
1010 3533 1120 3595 Octava]
1134 3532 1401 3582 Chiffletendeavours

445 3605 505 3653 don.
942 3607 968 3650 to
983 3603 1108 3651 establish
1124 3603 1167 3651 the
1182 3615 1307 3661 accuracy
1321 3600 1350 3648 ol
1361 3601 1401 3647 his

488 3672 659 3735 ⁵Aruirogria]
676 3674 811 3735 Andragio
823 3675 857 3736 A,
874 3676 907 3735 E,
941 3673 997 3720 MS.
1018 3672 1104 3720 which
1124 3672 1185 3720 here
1210 3672 1285 3720 reads
1305 3669 1402 3729 ‘aona'

448 3742 472 3788 G
479 3758 489 3799 ‚·
506 3741 641 3802 Andragia
656 3743 679 3803 b,
698 3741 860 3806 Andragorio
878 3761 891 3792 c
897 3760 907 3802 ;
941 3742 967 3788 in
991 3741 1078 3789 which
1108 3743 1129 3790 it
1157 3742 1244 3789 differs
1269 3741 1334 3788 from
1364 3739 1402 3787 all

447 3811 641 3874 Mandubratio‚
652 3813 715 3861 Cas.
941 3810 1033 3870 MSS.;
1055 3811 1101 3858 hut
1120 3811 1201 3860 Smith
1219 3809 1402 3868 satisfactorily

490 3877 635 3942 9Ορρὶιίιιηι
652 3881 846 3944 obumbrant]
883 3881 909 3930 lt
941 3894 1031 3940 proves
1045 3880 1120 3928 that‘
1135 3879 1239 3929 octavo'
1256 3881 1278 3928 is
1295 3884 1402 3927 correct.

446 3951 469 3998 is
487 3951 624 4010 presumed
643 3951 699 4000 that
713 3952 751 4000 St.
770 3950 869 4000 Albana
885 3952 907 4000 is
940 3949 995 3998 The
1014 3950 1074 3998 edd.
1095 3951 1110 3998 t
1129 3951 1180 3999 and
1198 3965 1211 3997 c
1231 3950 1296 3998 have
1316 3949 1323 3976 ‘
1343 3961 1401 4010 aep-

447 4019 508 4067 here
520 4025 611 4070 meant.
940 4019 1020 4066 timo?

483 4085 502 4118 ¹³
518 4087 648 4150 Haema]
668 4089 837 4139 HiberniaA.
975 4086 994 4116 ²⁶
1011 4086 1179 4148 raudera]
1208 4087 1239 4136 In
1256 4087 1316 4148 Dio,
1333 4087 1401 4136 hook

482 4154 502 4184 ¹⁶
520 4158 615 4206 Caror
631 4159 697 4220 lIl.]
728 4159 789 4207 This
803 4160 908 4220 chapter
940 4158 977 4218 lx,
994 4159 1017 4206 is
1033 4173 1049 4206 a
1065 4159 1161 4206 minute
1180 4164 1288 4206 account
1305 4156 1335 4204 of
1349 4157 1400 4204 this

447 4226 904 4290 alsoistakenfromOrosius‚vii.vi.
940 4228 1098 4289 expedition.
