3160 5018
172 856 176 862 “
226 861 366 913 productione,

397 469 419 532 8
621 489 807 536 nrsrourn
827 489 1130 538 uccensrns'rrcn
1232 474 1315 554 [nro.
1335 493 1355 533 1.

399 645 722 727 quadringentorum
743 645 1000 727 quinquaginta.
1057 642 1089 706 A
1113 650 1207 723 tergo
1231 649 1354 718 autern,

399 745 489 807 unde
505 763 634 808 oceano
649 745 781 808 infinito
797 752 903 826 patet,
916 743 1070 808 Orcadas
1085 744 1216 806 insulas
1232 741 1343 805 babet.

445 846 507 928 §fa
532 843 657 925 Opima
677 843 830 925 frugibus
853 852 957 926 atque
975 845 1150 907 arboribus
1172 843 1297 918 insula,
1320 851 1355 906 et

401 945 533 1008 alendis
549 951 632 1026 apta
649 943 828 1024 pecoribus
848 962 889 1006 ac
904 944 1087 1026 jumentis;
1109 945 1230 1008 vineas
1252 944 1355 1005 etiam

400 1045 604 1126 quibusdam
618 1045 654 1105 in
668 1044 754 1106 locis
769 1043 978 1124 germinans;
1001 1043 1061 1105 sed
1077 1051 1111 1106 et
1127 1043 1242 1106 avium
1261 1041 1357 1105 ferax
1383 1061 1398 1102 ⁵

400 1150 490 1206 terra
517 1144 670 1224 marique
700 1143 830 1224 generis
861 1141 995 1204 diversi.
1055 1142 1188 1206 Fluviis
1218 1160 1355 1224 quoque

401 1244 545 1306 multum
572 1244 718 1324 piscosis
752 1263 793 1306 ac
822 1242 973 1306 fontibus
1002 1244 1167 1324 praeclara
1193 1242 1357 1324 copiosis,

401 1351 437 1406 et
465 1344 598 1425 quidem
619 1343 792 1425 praecipue
818 1342 936 1405 issicio
961 1343 1113 1406 abundat
1138 1351 1173 1405 et
1196 1343 1354 1424 anguilla.

403 1442 592 1525 Capiuntur
626 1453 740 1506 autem
769 1443 960 1524 saepissime
982 1450 1017 1506 et
1043 1443 1141 1508 vituli
1169 1443 1290 1506 marini
1322 1449 1357 1504 et

402 1543 590 1625 delphines,
611 1562 742 1606 necnon
767 1551 802 1606 et
821 1544 984 1622 balaenae3
1007 1529 1164 1625 exceptis
1187 1544 1356 1607 variorum
1369 1561 1400 1604 ro

401 1645 579 1724 generibus
592 1644 854 1726 conchyliorum,
862 1645 896 1706 in
909 1645 1033 1726 quibus
1045 1651 1126 1706 sunt
1136 1651 1172 1707 et
1181 1643 1357 1718 musculae,

401 1745 524 1826 quibus
548 1745 714 1807 inclusam
738 1764 831 1826 saepe
851 1745 1067 1825 margaritam
1091 1744 1200 1806 omnis
1220 1743 1357 1826 quidem

401 1844 523 1906 coloris
539 1845 702 1924 optimam
722 1844 911 1919 inveniunt,
928 1845 963 1906 id
984 1850 1047 1918 est,
1063 1852 1098 1908 et
1116 1842 1304 1918 rubicundi,
1323 1849 1358 1904 et

401 1944 573 2025 purpurei,
589 1951 623 2006 et
633 1944 805 2026 jacintini,
820 1952 856 2007 et
870 1944 1010 2026 prasini,
1027 1945 1086 2006 sed
1107 1943 1256 2006 maxime
1277 1961 1357 2005 can-

402 2041 481 2105 didi.
527 2043 614 2107 Sunt
629 2051 664 2106 et
678 2044 827 2107 cochleae
843 2045 928 2106 satis
948 2063 1116 2125 superque
1132 2043 1357 2119 abundantes,
1369 2059 1399 2104 1⁵

402 2144 526 2225 quibus
547 2143 696 2207 tinctura
721 2144 872 2206 coccinei
900 2143 1023 2206 coloris
1049 2143 1235 2218 conficitur,
1258 2143 1357 2224 cujus

401 2244 503 2305 rubor
535 2243 780 2324 pulcherrimus
813 2243 907 2305 nullo
935 2261 1084 2325 unquam
1115 2243 1198 2305 solis
1228 2242 1358 2319 ardore,

403 2343 498 2405 nulla
512 2343 605 2406 valet
619 2343 813 2424 pluviarum
833 2342 958 2424 injuria
978 2341 1184 2422 pallescere;
1208 2341 1268 2404 sed
1288 2361 1357 2422 quo

402 2442 570 2505 vetustior
580 2449 633 2506 est
644 2462 685 2505 eo
698 2442 786 2505 solet
798 2461 873 2505 esse
887 2441 1070 2504 venustior.
1116 2440 1235 2504 Habet
1245 2439 1356 2504 fontes

401 2542 599 2618 salinarum,
613 2542 718 2606 habet
731 2550 766 2605 et
779 2542 890 2604 fontes
905 2541 1047 2616 calidos,
1062 2549 1096 2605 et
1111 2561 1156 2604 ex
1169 2541 1219 2604 eis
1234 2541 1358 2605 fluvios
1370 2560 1401 2604 ro

400 2641 611 2704 balinearum
628 2643 824 2718 calidarum,
839 2642 930 2704 omni
946 2642 1042 2706 aetati
1057 2649 1091 2704 et
1106 2642 1204 2703 sexui
1219 2660 1278 2722 per
1289 2641 1358 2704 dis-

401 2741 594 2804 tinctaloca
604 2740 708 2822 juxta
720 2761 817 2804 suum
829 2743 951 2823 cuique
963 2743 1100 2804 modum
1110 2742 1357 2804 accommodos

400 2839 503 2920 Aqua
529 2841 630 2917 enim,
653 2850 693 2903 ut
719 2847 859 2902 sanctus
884 2840 1036 2903 Basilius
1068 2841 1164 2917 dicit,
1192 2840 1358 2903 fervidam

400 2938 601 3018 qualitatem
628 2939 759 3020 recipit,
784 2959 888 3021 quum
908 2959 967 3020 per
991 2948 1084 3003 certa
1106 2940 1263 3022 quaedam
1289 2959 1358 3004 me-

401 3037 487 3098 talla
512 3039 722 3115 transcurrit,
747 3045 782 3101 et
807 3038 845 3100 fit
871 3058 937 3101 nou
968 3040 1077 3102 solum
1103 3040 1216 3103 calida
1240 3039 1300 3102 sed
1324 3047 1359 3102 et
1369 3059 1401 3102 25

401 3135 533 3198 ardens.
580 3135 668 3212 Quae
688 3137 793 3199 etiam
811 3138 909 3200 venis
927 3140 1150 3215 metallorum,
1166 3141 1254 3215 aeriS,
1268 3139 1358 3216 ferri,

400 3242 436 3296 et
458 3234 598 3315 plumbi,
622 3245 656 3299 et
682 3237 823 3317 argenti,
842 3239 999 3315 fecunda,
1021 3239 1128 3320 gignit
1152 3247 1187 3302 et
1210 3239 1358 3321 lapidem

401 3342 557 3414 gagatem
573 3336 754 3416 plurimum
770 3337 1024 3420 optimumque;
1047 3347 1101 3402 est
1119 3347 1232 3402 autem
1248 3340 1358 3420 nigro-

400 3451 571 3513 gemmeus
594 3443 629 3498 et
657 3437 779 3500 ardens
807 3438 877 3518 igni
905 3440 1074 3517 admotus,
1102 3441 1263 3502 incensus
1289 3458 1358 3501 ser-

399 3528 520 3612 pentes
546 3533 653 3614 fugat,
681 3537 799 3598 attritu
823 3538 1010 3601 calefactus
1037 3539 1203 3620 applicita
1231 3539 1360 3602 detinet
1371 3557 1403 3600 oo

400 3650 498 3713 aeque
520 3641 556 3694 ut
580 3635 767 3697 succinum.
810 3635 893 3700 Erat
913 3647 946 3700 et
967 3638 1165 3700 civitatibus
1186 3639 1358 3719 quondam

441 3919 448 3947 ¹
463 3923 693 3984 Quadringentorum
706 3925 861 3986 quinquagin—
899 3940 939 3978 oa,
951 3923 976 3971 ἐκ
996 3926 1043 3982 τῆς
1061 3925 1142 3984 αὐτῆς
1162 3927 1206 3974 τοῦ
1226 3927 1357 3983 κινοῦντος

401 3989 447 4050 to]
467 3992 505 4040 Or
517 3993 625 4052 fifty-six
637 3994 718 4041 miles.
898 3991 980 4050 αἰτίας
991 3992 1080 4048 (iecra
1091 3995 1196 4057 γίνεται,
1206 3995 1239 4053 ὡς
1250 3994 1282 4046 ru*
1294 3996 1357 4043 πολ-

433 4061 454 4094 ²³
470 4064 497 4112 S.
518 4065 647 4126 Basiliam]
685 4064 753 4126 'qu
777 4065 801 4114 δὲ
821 4068 862 4114 rat
898 4061 939 4115 λά,
948 4064 989 4110 καὶ
1001 4063 1190 4126 appoline—In
1201 4065 1357 4114 Hexaemer.

399 4133 550 4198 θερμοτέρας
568 4135 594 4182 ἐκ
610 4135 745 4197 μετάλλων
761 4135 861 4194 ποιότη-
899 4129 976 4178 ΗΟΙΠ·
984 4135 1008 4180 4-
1022 4131 1093 4179 T⁰¹¹¹=
1104 4133 1121 4178 i·
1131 4143 1157 4188 P·
1166 4135 1205 4179 39·
1217 4133 1281 4180 edit·
1292 4133 1355 4180 Par·

398 4220 441 4260 τος
452 4203 517 4250 rard
529 4204 577 4262 τὴν
585 4202 691 4258 διέξοδον
702 4203 861 4267 προσλαβοῦ·
901 4201 971 4247 1721·
