3160 5018
560 463 855 513 lN'l'RODUG'l'ION.=
1126 469 1174 512 XV

225 622 427 688 eruditionis
450 621 532 702 legi,
551 621 587 684 in
610 622 747 703 quibus,
761 621 853 703 quod
868 621 1018 686 maxime
1040 622 1173 686 deside-

223 723 355 799 rabam,
371 722 506 798 missaS,
516 709 687 798 videlicet,
702 729 737 785 et
751 722 924 786 orationes
936 729 1174 786 sacrosanctas

224 841 288 904 pro
302 822 379 885 Deo
404 821 530 884 dilecto
553 827 651 903 patre
674 839 714 884 ac
739 829 860 886 nostro
881 823 1049 903 magistro
1065 821 1173 898 Beda,

225 940 247 984 a
262 922 361 986 vobis
375 921 558 1002 diligenter
573 919 737 984 celebrari
750 923 871 1003 reperi.
909 921 1011 985 Unde
1025 921 1175 986 delectat

225 1022 338 1104 magis
359 1041 422 1102 pro
445 1020 520 1104 ejus
543 1020 699 1097 caritate,
714 1027 882 1102 quantum
905 1020 1001 1085 fruor
1023 1021 1174 1102 ingenie,

225 1121 345 1203 paucis
368 1120 582 1184 sermonibus
606 1119 730 1198 dicere,
745 1140 815 1202 quo
837 1120 955 1185 ordine
976 1121 1134 1202 migrarit
1155 1139 1174 1184 e

227 1221 355 1298 seculo,
377 1240 455 1284 cum
477 1220 582 1284 etiam
603 1219 722 1285 hocta
744 1219 955 1285 desiderasse
977 1227 1013 1285 et
1034 1240 1175 1304 poscere

225 1319 405 1386 intellexi!

280 1420 297 1504 §
312 1420 366 1483 17.
390 1418 591 1484 ‘Gravatus
604 1418 740 1501 quidem
755 1427 808 1484 est
816 1419 1015 1484 infirmitate
1023 1419 1176 1484 maxima

226 1519 420 1583 creberrimi
455 1518 639 1596 anhelitus»,
676 1520 751 1584 sine
786 1519 904 1584 dolore
932 1527 1059 1596 tamen,
1094 1527 1176 1584 ante

227 1620 317 1682 diem
338 1619 613 1683 Resurrectionis
628 1619 821 1683 Dominicae
838 1619 876 1701 [8
889 1617 1031 1700 April.],
1053 1619 1088 1682 id
1110 1627 1175 1694 est,

227 1719 297 1784 sere
324 1720 458 1783 duabus
483 1717 771 1798 hebdomadibus3
800 1725 837 1782 et
858 1718 908 1782 sic
930 1725 1052 1800 postea
1073 1718 1175 1782 laetus

228 1827 263 1883 et
282 1819 450 1900 gaudens,
475 1819 673 1901 gratiasque
697 1837 805 1900 agens
826 1817 1064 1900 Omnipotenti
1086 1818 1176 1896 Deo,

229 1919 321 1983 omni
352 1919 408 1983 die
437 1925 472 1982 et
501 1924 614 1996 nocte,
642 1919 711 1982 imo
743 1918 837 1984 horis
868 1919 1037 1996 omnibus,
1066 1938 1176 2001 usque

228 2019 273 2082 ad
296 2018 386 2082 diem
408 2016 632 2082 Ascensionis
657 2018 862 2095 Dominicae,
885 2018 1005 2095 idest,
1030 2019 1176 2100 septimo

229 2116 396 2182 kalendas
411 2118 434 2182 J
437 2115 511 2182 unii
527 2117 586 2200 [26
602 2118 719 2198 Mai.],
735 2118 843 2182 vitam
857 2119 1016 2196 ducebat,
1031 2126 1066 2183 et
1076 2118 1177 2182 nobis

229 2219 300 2281 suis
323 2218 500 2300 discipulis
527 2217 679 2299 quotidie
702 2217 866 2282 lectiones
885 2218 1003 2295 dabat,
1023 2225 1058 2282 et
1077 2217 1175 2300 quid-

229 2317 311 2400 quid
339 2318 509 2400 reliquum
546 2324 621 2380 erat
650 2317 717 2380 diei
749 2317 787 2380 in
820 2317 1038 2382 Psalmorum
1071 2325 1177 2381 cantu

229 2418 443 2499 occupabat3
474 2423 584 2480 totam
613 2436 750 2498 quoque
774 2425 910 2481 noctem
936 2418 973 2480 in
997 2417 1121 2480 laetitia
1142 2423 1177 2480 et

229 2517 419 2598 gratiarum
446 2516 582 2580 actione
609 2516 755 2598 pervigil
783 2517 942 2593 ducebat,
969 2517 1036 2580 nisi
1067 2536 1176 2599 quan-

227 2623 301 2680 tum
326 2617 481 2682 modicus
502 2634 643 2680 somnus
664 2617 855 2698 impediret.
907 2616 1088 2698 Evigilans
1115 2635 1177 2680 au-

229 2723 298 2780 tem
321 2717 440 2780 statim
462 2723 627 2780 consueta
648 2717 821 2799 repetivit,
836 2723 871 2780 et
891 2717 1054 2799 expansis
1067 2717 1176 2780 mani-

230 2817 293 2880 bus
323 2817 400 2880 Deo
432 2815 564 2897 gratias
593 2835 696 2897 agere
731 2835 801 2880 non
838 2816 974 2880 desivit.
1037 2815 1069 2880 0
1099 2837 1177 2881 vere

228 2917 351 2980 beatus
381 2916 454 2980 vir!
509 2914 665 2980 Cenabat
702 2915 908 2980 sententiam
944 2915 1045 2980 Beati
1075 2915 1178 2979 Pauli

231 3013 404 3098 Apostoli,
420 3020 443 3049 “
454 3014 676 3078 Horrendum
691 3022 744 3078 est
757 3016 906 3080 incidere
920 3016 957 3078 in
971 3035 1094 3080 manus
1109 3016 1176 3080 Dei

230 3115 413 3191 viventis,''
431 3114 558 3196 [Hebr.
574 3135 611 3179 x.
626 3115 698 3196 aL]
719 3122 754 3178 et
768 3115 878 3180 multa
892 3116 961 3180 alia
983 3116 1025 3180 de
1048 3115 1178 3181 Sancta

232 3213 420 3297 Scriptura,
440 3215 614 3296 inquibus
636 3234 700 3278 nos
723 3233 746 3277 a
766 3234 887 3279 somno
910 3217 1033 3280 animae
1056 3235 1176 3280 exsur-

231 3333 311 3395 gere
338 3314 597 3397 praecogitando
625 3315 782 3378 ultimam
811 3315 931 3379 horam
960 3315 1176 3378 admonebat.

233 3413 279 3477 Et
302 3415 339 3476 in
361 3421 481 3478 nostra
506 3433 644 3495 quoque
668 3414 799 3495 lingua,
828 3422 868 3478 ut
899 3421 973 3476 erat
997 3413 1119 3478 doctus
1142 3415 1177 3476 in

231 3514 358 3577 nostris
380 3513 599 3590 carminibus
614 3513 731 3576 dicens
753 3513 796 3577 de
818 3513 961 3578 terribili
984 3513 1080 3578 exitu
1103 3515 1178 3578 ani-1

230 3633 362 3678 marum
379 3635 398 3677 e
413 3633 566 3696 corpore.

495 3729 586 3786 ‘Fore
599 3728 649 3786 the
661 3727 835 3787 naid-faerae

514 3825 627 3902 Naenig
640 3824 779 3882 uuiurthit

514 3921 773 3980 Thone-snotturra

514 4017 598 4075 Than
611 4017 671 4074 him
684 4017 765 4074 tharf
775 4018 816 4074 sie

514 4110 558 4171 To
571 4112 803 4191 ymbhycgaunae

515 4210 577 4266 Aer
590 4209 635 4266 his
649 4209 812 4285 hin-iongae
