3160 5018
176 483 248 528 cin.
263 467 310 546 a]
457 485 598 530 cnn'rrs
616 485 843 532 xucnonuu.
1094 469 1134 530 17

171 639 316 704 vissima
344 648 574 718 occurrerant,
603 642 640 704 in
668 640 860 706 Brittanias
889 639 1025 706 defectu
1047 659 1134 724 pene
1152 655 1186 707 Α.
1202 655 1233 706 n.
1251 659 1307 706 rao.

173 743 323 804 omniurn
340 742 509 804 sociorum
524 742 678 819 trabitur,
689 743 748 806 ubi
762 743 895 824 magnis
906 743 1134 826 gravibusque

174 843 305 926 proeliis
332 856 426 924 saepe
455 843 572 924 gestis,
599 851 774 925 receptam
799 851 930 924 partem
958 843 1081 906 insnlae
1113 863 1135 908 a

173 945 296 1008 ceteris
318 943 495 1007 indomitis
518 945 687 1026 gentibus,
710 965 779 1008 non
803 964 910 1022 muro,
932 953 972 1009 ut
994 944 1134 1028 quidam

144 1047 357 1120 raestimant‚
378 1045 437 1108 sed
458 1045 550 1108 vallo
571 1045 848 1126 distinguendam
868 1047 1014 1128 putavit.
1056 1045 1136 1108 Mu·

174 1166 240 1209 rus·
268 1145 395 1210 etenim
431 1145 473 1208 de
502 1145 686 1227 lapidibus
715 1146 845 1210 vallum
871 1165 964 1224 vero,
993 1166 1062 1230 quo
1090 1147 1135 1212 ad

175 1247 406 1331 repellendam
425 1247 495 1311 vim
514 1247 665 1310 hostium
685 1255 800 1312 castra
818 1249 1025 1324 muniuntur,
1040 1249 1079 1312 tit
1093 1249 1136 1312 de

175 1349 375 1431 cespitibus
395 1349 521 1430 quibus
536 1348 745 1412 circumcisis
761 1369 779 1411 e
794 1355 894 1424 terra,
908 1347 1003 1412 velut
1020 1367 1136 1412 murus

175 1452 364 1514 exstruitur
384 1449 475 1513 altus
500 1469 605 1534 supra
633 1457 766 1527 terram,
790 1450 841 1513 ita
863 1450 959 1512 utin
987 1457 1067 1514 ante
1091 1451 1135 1512 sit

138 1552 283 1628 refossa,
307 1551 350 1616 de
379 1571 449 1634 qua
476 1551 583 1615 levati
609 1559 690 1616 sunt
717 1552 876 1634 cespites,
902 1571 1007 1633 supra
1033 1570 1137 1634 quam

176 1653 279 1716 sudes
308 1651 352 1716 de
366 1647 368 1652 ’
381 1651 485 1732 lignis
514 1649 709 1716 fortissimis
739 1652 968 1734 praefiguntur.
1013 1651 1138 1734 Itaque

70 1745 90 1794 f
178 1755 324 1820 Severus
347 1773 506 1834 magnam
528 1753 656 1820 fossam
679 1753 977 1836 firmissimumque
998 1752 1139 1829 vallum,

178 1853 303 1919 crebris
329 1855 469 1936 insuper
491 1855 641 1918 turribus
665 1853 919 1929 communitum,
943 1873 965 1916 a
989 1853 1074 1916 mari
1094 1853 1137 1916 ad

178 1975 271 2020 mare
281 1949 397 2034 duxit3
411 1954 528 2037 ibique
539 1955 630 2037 apud
644 1954 836 2018 Eboracum
847 1941 1010 2037 oppidum
1021 1955 1139 2017 morbo

140 2075 168 2118 15
180 2057 275 2120 obiit.
321 2055 478 2138 Reliquit
492 2056 579 2118 duos
597 2055 698 2132 filios,
714 2055 922 2119 Bassianum
942 2061 977 2118 et
994 2054 1138 2134 Getam3

180 2163 326 2240 quorum
355 2157 448 2221 Geta
475 2157 585 2222 bostis
614 2157 773 2240 publicus
796 2155 974 2239 judicatus
1003 2156 1142 2235 interiit,

183 2259 386 2336 Bassianus
411 2257 578 2322 Antonini
604 2257 806 2340 cognomine
829 2263 1017 2339 assumpte,
1038 2275 1141 2338 regno

179 2359 311 2442 potitus
328 2367 392 2423 est.
785 2373 788 2380 ’

557 2626 695 2689 CAPUT
715 2631 767 2688 VI.
868 2637 884 2662 '¹

144 2793 174 2838 2⁰
224 2783 270 2838 De
283 2783 398 2861 imperio
411 2780 596 2850 Diocletiani,
611 2787 637 2838 et
650 2787 682 2838 ut
698 2781 875 2838 Christianos
885 2787 1045 2860 persecutus
1057 2785 1103 2840 rit.

184 2948 201 3030 ᾖ
216 2949 268 3010 14.
288 2946 406 3034 ¹Auno
428 2947 674 3010 incarnationis
695 2947 886 3012 Dominicae
910 2947 1143 3012 ducentesimo
1161 2965 1194 3014 Α.
1209 2966 1243 3014 n.
1258 2969 1316 3016 nae.

183 3047 393 3128 octogesimo
414 3055 526 3124 sexto,
544 3047 795 3126 Diocletianus,
808 3049 999 3112 tricesimus
1020 3051 1143 3113 tertius
1160 3033 1311 3123 ffiiffsslmx

184 3151 228 3214 ab
248 3149 417 3231 Augusto,
437 3147 628 3230 Imperator
646 3150 690 3213 ab
710 3151 862 3214 exercitu
883 3151 1023 3228 electus,
1043 3150 1143 3214 annis
1161 3146 1196 3174 ⁸¹¹·

183 3251 304 3332 viginti
323 3249 404 3326 suit,
423 3248 741 3332 Maximianumque
765 3259 989 3334 cognomento
1010 3251 1144 3314 Hercu·

143 3352 266 3416 aelium
295 3352 427 3414 socium
456 3351 586 3414 creavit
613 3351 757 3432 imperii.
808 3351 962 3430 Quorum
993 3359 1143 3434 tempore

185 3453 372 3517 Carausins
388 3453 539 3536 quidam,
553 3473 672 3534 genere
685 3453 821 3536 quidem
837 3453 973 3516 infimus
989 3454 1050 3516 sed
1064 3473 1145 3517 con·

183 3555 259 3618 silio
275 3563 311 3618 et
324 3575 428 3617 manu
444 3563 611 3636 promtuS,
626 3573 702 3618 cum
726 3554 769 3617 ad
790 3555 1006 3618 observanda
1025 3555 1144 3618 occani

184 3655 296 3731 litora,
322 3675 401 3737 quae
426 3663 507 3719 tunc
533 3656 657 3719 Franci
682 3664 717 3719 et
742 3657 898 3720 Saxones
923 3655 1145 3731 infestabant,

185 3756 334 3838 positus,
363 3757 443 3838 plus
470 3757 507 3820 in
536 3757 721 3840 perniciem
752 3777 855 3840 quam
882 3759 917 3822 iu
945 3765 1144 3840 provectum

145 3875 174 3918 ao
184 3857 382 3939 reipublicae
411 3866 537 3938 ageret,
566 3866 718 3941 ereptam
747 3859 966 3940 praedonibus
992 3858 1145 3942 praedam

229 4107 359 4171 wama]
377 4111 451 4159 Beda
459 4111 577 4172 explains
586 4113 648 4160 bim·
686 4112 738 4162 this
750 4113 857 4174 chapter
872 4113 895 4160 is
910 4112 987 4160 taken
1003 4112 1066 4160 iram
1080 4111 1146 4160 Oro·

186 4178 239 4228 seli
256 4194 326 4228 more
346 4179 413 4242 fully
433 4183 585 4244 concaming
607 4182 650 4231 the
685 4184 750 4246 sius,
769 4184 813 4234 vii.
832 4188 874 4242 25,
894 4183 954 4231 wbo
974 4181 1026 4231 bad
1046 4183 1066 4230 it
1081 4181 1145 4229 from

186 4249 249 4298 wall
262 4251 314 4312 att
328 4253 369 4298 29.
687 4254 837 4315 Eutropius.
860 4253 940 4302 luthe
950 4254 1037 4303 Saxou
1046 4253 1146 4302 version

222 4317 241 4348 ¹⁹
258 4321 352 4368 Cannu·
363 4319 425 4382 vt]
447 4321 502 4370 The
520 4322 605 4371 whole
624 4323 653 4371 ol
686 4324 741 4372 itis
755 4324 830 4372 much
844 4324 979 4384 abridged.

829 4423 848 4468 (l
