3160 5018
582 513 790 560 recuccus,
1139 499 1161 558 5

204 661 287 726 viva
301 682 396 741 voce,
408 664 599 728 didicimus.
632 665 720 744 Quae
737 675 850 729 autem
870 667 904 728 in
922 667 1158 752 Nordanhym·

203 779 339 843 brorum
359 781 545 862 provincia,
568 801 613 844 ex
637 800 706 863 quo
732 789 882 862 tempure
907 783 1008 846 fidem
1032 782 1159 848 Christi

204 904 428 976 perceperunt
447 915 557 977 usque
577 897 620 958 ad
642 915 805 978 praesens
822 916 882 978 per
902 899 1056 962 diversas
1074 902 1159 982 regi-

201 1029 284 1073 ones
296 1012 330 1073 in
342 1012 487 1076 ecclesia
500 1013 570 1076 sint
582 1021 672 1090 acta,
685 1032 752 1076 non
764 1016 997 1096 unoquolibet
1010 1025 1160 1095 auctore,

174 1126 260 1188 ased
278 1126 369 1189 fideli
388 1105 638 1192 innumerorum
658 1129 809 1206 testium,
826 1131 887 1211 qni
907 1131 980 1194 haec
1001 1132 1086 1195 scire
1105 1133 1160 1196 vel

202 1243 396 1307 meminisse
422 1251 591 1324 poterant,
614 1245 801 1308 assertione
825 1247 981 1325 cognovi,
1004 1249 1160 1329 exceptis

203 1357 255 1420 his
275 1379 353 1440 quae
376 1379 437 1441 per
456 1361 623 1442 meipsum
643 1379 745 1423 nosse
762 1368 924 1442 poteram.
969 1362 1065 1426 Inter
1081 1384 1159 1446 quae

203 1475 402 1554 notandum,
423 1477 515 1558 quod
540 1496 582 1538 ea
607 1495 685 1558 quae
706 1476 748 1538 do
766 1477 984 1541 sanctissimo
1007 1488 1105 1560 patre
1125 1488 1160 1543 et

204 1591 358 1655 antistite
387 1591 578 1656 Cudbercto
604 1593 659 1656 vel
685 1594 721 1656 in
750 1593 816 1656 hoc
845 1594 1015 1657 volumine
1045 1596 1101 1659 vel
1123 1596 1158 1658 in

159 1708 318 1771 rolibello
342 1716 513 1788 gestorum
535 1709 645 1789 ipsius
667 1710 866 1790 conscripsi,
890 1710 1016 1790 partim
1038 1731 1082 1773 ex
1108 1711 1158 1775 eis

203 1845 280 1906 quae
300 1825 343 1887 de
364 1825 423 1887 illo
443 1825 537 1905 prius
558 1844 579 1887 a
603 1824 764 1888 fratribus
788 1825 944 1889 ecclesiae
971 1825 1159 1891 Lindisfar·

202 1941 317 2004 nensis
343 1941 474 2022 scripta
499 1943 619 2023 reperi,
646 1943 806 2018 assumsi,
834 1943 1034 2024 simpliciter
1056 1943 1158 2007 fidem

202 2057 366 2132 historice,
392 2076 493 2138 quam
524 2058 690 2138 legebam,
720 2059 1004 2139 accommodans3
1031 2061 1155 2141 partim

202 2191 282 2236 vero
298 2193 352 2249 ea,
370 2192 448 2254 quae
467 2174 658 2236 certissima
677 2175 828 2237 fidelium
847 2176 993 2238 virorum
1014 2182 1158 2240 attesta-

158 2307 189 2350 15
202 2289 292 2351 tione
310 2307 373 2370 per
392 2308 446 2350 me
467 2289 541 2369 ipse
560 2309 763 2371 cognoscere
782 2291 890 2370 potui,
904 2291 1059 2354 sollerter
1073 2292 1158 2374 adji-

201 2423 276 2467 cere
294 2404 425 2466 curavi.
473 2403 717 2486 Lectoremque
735 2405 935 2486 suppliciter
951 2407 1092 2468 obsecro
1109 2417 1159 2484 ut,

201 2521 230 2582 si
242 2521 360 2602 quain
373 2520 427 2582 his
441 2539 519 2601 quae
531 2521 731 2601 scripsimus
748 2521 846 2584 aliter
860 2539 963 2602 quam
976 2540 1013 2583 se
1028 2522 1156 2585 veritas

199 2635 303 2698 habet
317 2636 431 2716 posita
445 2637 616 2718 repererit,
631 2656 699 2699 non
715 2637 780 2700 hoc
795 2639 894 2700 nohis
914 2639 1070 2718 imputet,
1086 2640 1157 2720 qui,

199 2751 289 2833 quod
316 2769 400 2816 vera
422 2751 481 2812 lex
506 2751 656 2815 historiae
684 2761 747 2829 est,
773 2753 973 2835 simpliciter
999 2773 1156 2835 eaquae,

153 2885 186 2928 2⁰
198 2866 289 2929 fama
303 2866 475 2948 vulgante,
489 2867 697 2948 collegimus
713 2869 755 2931 ad
768 2869 1026 2931 instructionem
1041 2877 1155 2949 poste·
1210 2892 1212 2896 ⁴

200 2983 310 3045 ritatis
324 2982 431 3044 literis
445 2981 608 3045 mandare
624 2982 826 3045 studuimus.

244 3097 304 3178 §a
329 3096 502 3161 Praeterea
522 3117 640 3161 omnes
661 3098 703 3160 ad
720 3117 806 3179 quos
820 3098 895 3162 haec
912 3099 1031 3161 eadem
1050 3098 1156 3162 histo-

201 3213 253 3276 ria
267 3214 443 3294 pervenire
458 3216 584 3296 poterit
601 3223 727 3278 nostrae
747 3215 899 3278 nationis
915 3215 1067 3295 legentes
1082 3217 1155 3278 sive

203 3329 380 3392 audientes
396 3331 595 3411 suppliciter
609 3350 738 3412 precor,
751 3339 789 3394 ut
807 3349 867 3412 pro
881 3331 965 3394 meis
980 3331 1155 3393 infirmita·

156 3465 187 3508 25
202 3446 292 3508 tibus
316 3452 351 3508 et
370 3445 493 3508 mentis
517 3455 552 3508 et
575 3447 726 3528 corporis
750 3447 842 3528 apud
865 3447 1054 3528 Supernam
1079 3445 1155 3509 Cle-

200 3744 310 3792 reached
326 3759 366 3792 us.
402 3745 486 3794 There
498 3746 520 3792 is
532 3761 622 3794 reason
636 3753 661 3794 to
738 3746 747 3774 ⁸
764 3747 860 3810 Patra]
878 3750 957 3799 Patre
970 3755 1065 3812 nostro,
1077 3751 1109 3798 A.

200 3814 300 3862 believe
323 3814 380 3862 that
396 3815 437 3862 his
457 3814 534 3862 death
555 3817 576 3862 is
593 3831 661 3864 rnen·
729 3815 748 3844 ²²
766 3818 820 3866 The
833 3824 934 3878 greater
951 3821 1057 3868 number
1068 3819 1098 3866 oi'
1111 3820 1154 3868 the

200 3884 288 3931 tioned
299 3881 327 3930 'in
342 3883 384 3930 the
398 3885 514 3944 Epitome
529 3885 622 3933 affixed
636 3890 661 3932 to
695 3887 770 3935 MSS.
792 3888 865 3947 place
887 3889 939 3936 this
963 3889 1108 3949 paragraph
1127 3893 1155 3937 at

201 3950 300 4000 Beda's
320 3952 390 4000 Hist.
413 3966 440 4000 Α.
457 3967 483 4000 n.
502 3957 561 4013 732,
580 3956 662 4002 under
694 3955 736 4002 the
750 3957 799 4004 end
812 3957 841 4004 of
851 3957 893 4006 the
902 3958 1055 4018 History,in
1068 3957 1154 4005 which

200 4021 245 4068 the
276 4035 415 4069 erroneous
445 4022 605 4082 designation
636 4024 665 4071 of
695 4024 754 4084 they
767 4039 811 4073 are
822 4026 943 4074 followed
959 4027 991 4086 by
1008 4027 1051 4074 the
1068 4026 1153 4074 Saron

199 4090 292 4150 bichop
305 4089 334 4137 oi
344 4090 516 4152 Lindisfarne,
527 4106 593 4140 asee
603 4093 661 4140 theu
695 4095 803 4141 version.
835 4095 890 4142 The
911 4101 1013 4155 present
1033 4110 1153 4155 arrange·

201 4159 271 4206 iilled
292 4159 326 4218 by
351 4159 509 4222 Ethelwold‚
532 4161 592 4209 who
621 4168 662 4210 sat
694 4168 763 4211 ment
785 4166 808 4210 is
827 4165 975 4212 sanctioned
999 4166 1034 4224 by
1058 4163 1155 4212 More's

200 4227 264 4274 irorn
277 4231 326 4275 724
338 4232 363 4275 to
376 4231 432 4276 740.
695 4232 751 4279 MS.
765 4232 815 4279 and
830 4232 860 4292 G,
875 4233 898 4293 1,
914 4235 943 4292 F,
956 4234 977 4280 L
984 4249 992 4290 ,·
1010 4249 1023 4280 o
1037 4233 1086 4281 and
1100 4233 1122 4281 b.
