<?xml version="1.0" encoding="UTF-8"?>
<!DOCTYPE html PUBLIC "-//W3C//DTD XHTML 1.0 Transitional//EN"
    "http://www.w3.org/TR/xhtml1/DTD/xhtml1-transitional.dtd">
<html xmlns="http://www.w3.org/1999/xhtml" xml:lang="en" lang="en">
 <head>
  <title>
</title>
<meta http-equiv="Content-Type" content="text/html;charset=utf-8" />
  <meta name='ocr-system' content='tesseract 3.04.00' />
  <meta name='ocr-capabilities' content='ocr_page ocr_carea ocr_par ocr_line ocrx_word'/>
</head>
<body>
  <div class='ocr_page' id='page_1' title='image "bedehistoriaecc00bedegoog_0090.png"; bbox 0 0 3160 5018; ppageno 0'>
   <div class='ocr_carea' id='block_1_1' title="bbox 166 443 1124 521">
    <p class='ocr_par' dir='ltr' id='par_1_1' title="bbox 166 443 1124 521">
     <span class='ocr_line' id='line_1_1' title="bbox 166 443 1124 521; baseline 0 -17"><span class='ocrx_word' id='word_1_1' title='bbox 166 459 245 505; x_wconf 75' lang='lat' dir='ltr'><strong>can.</strong></span> <span class='ocrx_word' id='word_1_2' title='bbox 263 443 330 521; x_wconf 90' lang='grc' dir='ltr'>ιιι.]</span> <span class='ocrx_word' id='word_1_3' title='bbox 455 459 594 505; x_wconf 76' lang='lat' dir='ltr'><strong>cruris</strong></span> <span class='ocrx_word' id='word_1_4' title='bbox 612 459 839 506; x_wconf 79' lang='lat' dir='ltr'><strong>Anononuu.</strong></span> <span class='ocrx_word' id='word_1_5' title='bbox 1081 443 1124 504; x_wconf 85' lang='grc'><strong>15</strong></span> 
     </span>
    </p>
   </div>
   <div class='ocr_carea' id='block_1_2' title="bbox 127 613 1276 2487">
    <p class='ocr_par' dir='ltr' id='par_1_2' title="bbox 127 613 1276 2487">
     <span class='ocr_line' id='line_1_2' title="bbox 165 613 1275 696; baseline 0 -20"><span class='ocrx_word' id='word_1_6' title='bbox 165 614 277 678; x_wconf 93' lang='lat' dir='ltr'><strong>sulam</strong></span> <span class='ocrx_word' id='word_1_7' title='bbox 303 621 366 691; x_wconf 91' lang='lat' dir='ltr'><strong>est,</strong></span> <span class='ocrx_word' id='word_1_8' title='bbox 392 633 495 696; x_wconf 91' lang='lat' dir='ltr'><strong>quam</strong></span> <span class='ocrx_word' id='word_1_9' title='bbox 527 633 638 695; x_wconf 90' lang='lat' dir='ltr'><strong>neque</strong></span> <span class='ocrx_word' id='word_1_10' title='bbox 671 619 750 678; x_wconf 92' lang='lat' dir='ltr'><strong>ante</strong></span> <span class='ocrx_word' id='word_1_11' title='bbox 783 613 915 678; x_wconf 88' lang='lat' dir='ltr'><strong>Julium</strong></span> <span class='ocrx_word' id='word_1_12' title='bbox 950 613 1122 678; x_wconf 86' lang='lat' dir='ltr'><strong>Caesarem</strong></span> <span class='ocrx_word' id='word_1_13' title='bbox 1143 625 1176 677; x_wconf 84' lang='grc' dir='ltr'><strong>Α.</strong></span> <span class='ocrx_word' id='word_1_14' title='bbox 1186 627 1219 678; x_wconf 80' lang='grc'><strong>1).</strong></span> <span class='ocrx_word' id='word_1_15' title='bbox 1232 630 1275 676; x_wconf 83' lang='lat' dir='ltr'><strong>ro.</strong></span> 
     </span>
     <span class='ocr_line' id='line_1_3' title="bbox 164 714 1124 797; baseline 0.003 -21"><span class='ocrx_word' id='word_1_16' title='bbox 164 733 276 796; x_wconf 89' lang='lat' dir='ltr'><strong>neque</strong></span> <span class='ocrx_word' id='word_1_17' title='bbox 306 722 386 797; x_wconf 88' lang='lat' dir='ltr'><strong>post</strong></span> <span class='ocrx_word' id='word_1_18' title='bbox 413 734 489 778; x_wconf 92' lang='lat' dir='ltr'><strong>eum</strong></span> <span class='ocrx_word' id='word_1_19' title='bbox 524 716 708 796; x_wconf 91' lang='lat' dir='ltr'><strong>quisquam</strong></span> <span class='ocrx_word' id='word_1_20' title='bbox 739 714 833 777; x_wconf 88' lang='lat' dir='ltr'><strong>adire</strong></span> <span class='ocrx_word' id='word_1_21' title='bbox 865 733 970 778; x_wconf 89' lang='lat' dir='ltr'><strong>ausus</strong></span> <span class='ocrx_word' id='word_1_22' title='bbox 1001 714 1124 792; x_wconf 85' lang='lat' dir='ltr'><strong>fuerat,</strong></span> 
     </span>
     <span class='ocr_line' id='line_1_4' title="bbox 165 815 1124 897; baseline 0.002 -21"><span class='ocrx_word' id='word_1_23' title='bbox 165 815 292 897; x_wconf 88' lang='lat' dir='ltr'>ibique,</span> <span class='ocrx_word' id='word_1_24' title='bbox 306 816 379 878; x_wconf 91' lang='lat' dir='ltr'><strong>sine</strong></span> <span class='ocrx_word' id='word_1_25' title='bbox 394 815 464 879; x_wconf 94' lang='lat' dir='ltr'><strong>ullo</strong></span> <span class='ocrx_word' id='word_1_26' title='bbox 479 815 603 896; x_wconf 84' lang='lat' dir='ltr'><strong>proelio</strong></span> <span class='ocrx_word' id='word_1_27' title='bbox 624 834 665 878; x_wconf 90' lang='lat' dir='ltr'><strong>ac</strong></span> <span class='ocrx_word' id='word_1_28' title='bbox 683 815 859 896; x_wconf 87' lang='lat' dir='ltr'><strong>sanguine,</strong></span> <span class='ocrx_word' id='word_1_29' title='bbox 878 815 970 878; x_wconf 88' lang='lat' dir='ltr'><strong>intra</strong></span> <span class='ocrx_word' id='word_1_30' title='bbox 987 817 1124 897; x_wconf 89' lang='lat' dir='ltr'><strong>paucis·</strong></span> 
     </span>
     <span class='ocr_line' id='line_1_5' title="bbox 167 913 1124 996; baseline 0.003 -21"><span class='ocrx_word' id='word_1_31' title='bbox 167 913 272 976; x_wconf 88' lang='lat' dir='ltr'><strong>simos</strong></span> <span class='ocrx_word' id='word_1_32' title='bbox 288 915 361 977; x_wconf 92' lang='lat' dir='ltr'><strong>dies</strong></span> <span class='ocrx_word' id='word_1_33' title='bbox 376 915 557 996; x_wconf 85' lang='lat' dir='ltr'>plurimam</span> <span class='ocrx_word' id='word_1_34' title='bbox 571 915 694 978; x_wconf 88' lang='lat' dir='ltr'><strong>insulae</strong></span> <span class='ocrx_word' id='word_1_35' title='bbox 707 923 839 996; x_wconf 90' lang='lat' dir='ltr'><strong>partem</strong></span> <span class='ocrx_word' id='word_1_36' title='bbox 860 915 895 976; x_wconf 88' lang='lat' dir='ltr'><strong>in</strong></span> <span class='ocrx_word' id='word_1_37' title='bbox 916 913 1124 978; x_wconf 86' lang='lat' dir='ltr'><strong>deditionem</strong></span> 
     </span>
     <span class='ocr_line' id='line_1_6' title="bbox 140 1013 1124 1096; baseline 0.004 -22"><span class='ocrx_word' id='word_1_38' title='bbox 140 1015 306 1096; x_wconf 81' lang='lat' dir='ltr'><strong>srecepit.</strong></span> <span class='ocrx_word' id='word_1_39' title='bbox 356 1013 511 1078; x_wconf 81' lang='lat' dir='ltr'><strong>Orcadas</strong></span> <span class='ocrx_word' id='word_1_40' title='bbox 533 1015 638 1078; x_wconf 89' lang='lat' dir='ltr'><strong>etiam</strong></span> <span class='ocrx_word' id='word_1_41' title='bbox 653 1015 797 1091; x_wconf 86' lang='lat' dir='ltr'><strong>insulas,</strong></span> <span class='ocrx_word' id='word_1_42' title='bbox 811 1015 902 1078; x_wconf 91' lang='lat' dir='ltr'><strong>ultra</strong></span> <span class='ocrx_word' id='word_1_43' title='bbox 917 1014 1124 1078; x_wconf 82' lang='lat' dir='ltr'><strong>Brittaniam</strong></span> 
     </span>
     <span class='ocr_line' id='line_1_7' title="bbox 167 1114 1124 1197; baseline 0.004 -22"><span class='ocrx_word' id='word_1_44' title='bbox 167 1115 202 1176; x_wconf 93' lang='lat' dir='ltr'><strong>in</strong></span> <span class='ocrx_word' id='word_1_45' title='bbox 231 1133 362 1178; x_wconf 86' lang='lat' dir='ltr'><strong>oceano</strong></span> <span class='ocrx_word' id='word_1_46' title='bbox 389 1116 534 1197; x_wconf 91' lang='lat' dir='ltr'><strong>positas,</strong></span> <span class='ocrx_word' id='word_1_47' title='bbox 562 1114 720 1177; x_wconf 82' lang='lat' dir='ltr'><strong>Romano</strong></span> <span class='ocrx_word' id='word_1_48' title='bbox 749 1114 876 1197; x_wconf 81' lang='lat' dir='ltr'><strong>adJecit</strong></span> <span class='ocrx_word' id='word_1_49' title='bbox 903 1115 1054 1196; x_wconf 88' lang='lat' dir='ltr'><strong>imperio,</strong></span> <span class='ocrx_word' id='word_1_50' title='bbox 1083 1135 1124 1179; x_wconf 90' lang='lat' dir='ltr'><strong>ac</strong></span> 
     </span>
     <span class='ocr_line' id='line_1_8' title="bbox 168 1211 1125 1296; baseline 0 -19"><span class='ocrx_word' id='word_1_51' title='bbox 168 1222 268 1277; x_wconf 88' lang='lat' dir='ltr'><strong>sexto</strong></span> <span class='ocrx_word' id='word_1_52' title='bbox 291 1234 395 1296; x_wconf 90' lang='lat' dir='ltr'><strong>quam</strong></span> <span class='ocrx_word' id='word_1_53' title='bbox 415 1213 587 1295; x_wconf 86' lang='lat' dir='ltr'><strong>profectus</strong></span> <span class='ocrx_word' id='word_1_54' title='bbox 611 1221 686 1277; x_wconf 90' lang='lat' dir='ltr'><strong>erat</strong></span> <span class='ocrx_word' id='word_1_55' title='bbox 706 1233 823 1277; x_wconf 88' lang='lat' dir='ltr'><strong>mense</strong></span> <span class='ocrx_word' id='word_1_56' title='bbox 847 1211 992 1277; x_wconf 84' lang='lat' dir='ltr'><strong>Romam</strong></span> <span class='ocrx_word' id='word_1_57' title='bbox 1012 1215 1125 1290; x_wconf 90' lang='lat' dir='ltr'><strong>rediit,</strong></span> 
     </span>
     <span class='ocr_line' id='line_1_9' title="bbox 168 1313 1125 1396; baseline 0.002 -20"><span class='ocrx_word' id='word_1_58' title='bbox 168 1314 307 1396; x_wconf 89' lang='lat' dir='ltr'><strong>filioque</strong></span> <span class='ocrx_word' id='word_1_59' title='bbox 328 1334 391 1377; x_wconf 93' lang='lat' dir='ltr'><strong>suo</strong></span> <span class='ocrx_word' id='word_1_60' title='bbox 410 1314 590 1378; x_wconf 90' lang='lat' dir='ltr'><strong>Brittanici</strong></span> <span class='ocrx_word' id='word_1_61' title='bbox 607 1333 730 1377; x_wconf 92' lang='lat' dir='ltr'><strong>nomen</strong></span> <span class='ocrx_word' id='word_1_62' title='bbox 750 1313 924 1394; x_wconf 88' lang='lat' dir='ltr'><strong>imposuit.</strong></span> <span class='ocrx_word' id='word_1_63' title='bbox 967 1313 1046 1377; x_wconf 90' lang='lat' dir='ltr'><strong>Hoc</strong></span> <span class='ocrx_word' id='word_1_64' title='bbox 1065 1335 1125 1379; x_wconf 92' lang='lat' dir='ltr'><strong>au·</strong></span> 
     </span>
     <span class='ocr_line' id='line_1_10' title="bbox 168 1412 1126 1497; baseline 0.001 -20"><span class='ocrx_word' id='word_1_65' title='bbox 168 1421 236 1477; x_wconf 90' lang='lat' dir='ltr'><strong>tem</strong></span> <span class='ocrx_word' id='word_1_66' title='bbox 253 1413 379 1476; x_wconf 89' lang='lat' dir='ltr'><strong>bellum</strong></span> <span class='ocrx_word' id='word_1_67' title='bbox 399 1421 521 1496; x_wconf 90' lang='lat' dir='ltr'><strong>quarto</strong></span> <span class='ocrx_word' id='word_1_68' title='bbox 536 1413 668 1494; x_wconf 87' lang='lat' dir='ltr'><strong>imperii</strong></span> <span class='ocrx_word' id='word_1_69' title='bbox 683 1412 738 1475; x_wconf 90' lang='lat' dir='ltr'><strong>sui</strong></span> <span class='ocrx_word' id='word_1_70' title='bbox 753 1432 842 1475; x_wconf 91' lang='lat' dir='ltr'><strong>anno</strong></span> <span class='ocrx_word' id='word_1_71' title='bbox 856 1413 1051 1495; x_wconf 89' lang='lat' dir='ltr'><strong>complevit,</strong></span> <span class='ocrx_word' id='word_1_72' title='bbox 1066 1415 1126 1497; x_wconf 93' lang='lat' dir='ltr'><strong>qui</strong></span> 
     </span>
     <span class='ocr_line' id='line_1_11' title="bbox 127 1513 1126 1596; baseline 0.001 -21"><span class='ocrx_word' id='word_1_73' title='bbox 127 1533 156 1576; x_wconf 88' lang='grc' dir='ltr'><strong>ιο</strong></span> <span class='ocrx_word' id='word_1_74' title='bbox 168 1523 222 1577; x_wconf 88' lang='lat' dir='ltr'><strong>est</strong></span> <span class='ocrx_word' id='word_1_75' title='bbox 239 1533 351 1577; x_wconf 92' lang='lat' dir='ltr'><strong>annus</strong></span> <span class='ocrx_word' id='word_1_76' title='bbox 372 1516 415 1577; x_wconf 89' lang='lat' dir='ltr'><strong>ab</strong></span> <span class='ocrx_word' id='word_1_77' title='bbox 434 1513 668 1577; x_wconf 82' lang='lat' dir='ltr'><strong>incarnatione</strong></span> <span class='ocrx_word' id='word_1_78' title='bbox 687 1513 826 1576; x_wconf 92' lang='lat' dir='ltr'><strong>Domini</strong></span> <span class='ocrx_word' id='word_1_79' title='bbox 846 1515 1126 1596; x_wconf 81' lang='lat' dir='ltr'><strong>quadragesimus</strong></span> 
     </span>
     <span class='ocr_line' id='line_1_12' title="bbox 171 1614 1127 1697; baseline 0.002 -21"><span class='ocrx_word' id='word_1_80' title='bbox 171 1620 313 1694; x_wconf 85' lang='lat' dir='ltr'><strong>sextus;</strong></span> <span class='ocrx_word' id='word_1_81' title='bbox 336 1615 523 1696; x_wconf 81' lang='lat' dir='ltr'><strong>quostiam</strong></span> <span class='ocrx_word' id='word_1_82' title='bbox 543 1633 633 1677; x_wconf 89' lang='lat' dir='ltr'><strong>anno</strong></span> <span class='ocrx_word' id='word_1_83' title='bbox 648 1614 755 1678; x_wconf 88' lang='lat' dir='ltr'><strong>fames</strong></span> <span class='ocrx_word' id='word_1_84' title='bbox 771 1615 973 1695; x_wconf 85' lang='lat' dir='ltr'><strong>gravissima</strong></span> <span class='ocrx_word' id='word_1_85' title='bbox 988 1634 1047 1696; x_wconf 91' lang='lat' dir='ltr'><strong>per</strong></span> <span class='ocrx_word' id='word_1_86' title='bbox 1062 1616 1127 1697; x_wconf 88' lang='lat' dir='ltr'><strong>Sy-</strong></span> 
     </span>
     <span class='ocr_line' id='line_1_13' title="bbox 170 1707 1129 1798; baseline 0.003 -22"><span class='ocrx_word' id='word_1_87' title='bbox 170 1715 254 1777; x_wconf 85' lang='lat' dir='ltr'><strong>riam</strong></span> <span class='ocrx_word' id='word_1_88' title='bbox 275 1707 371 1778; x_wconf 85' lang='lat' dir='ltr'><strong>facta</strong></span> <span class='ocrx_word' id='word_1_89' title='bbox 392 1724 455 1790; x_wconf 89' lang='lat' dir='ltr'><strong>est,</strong></span> <span class='ocrx_word' id='word_1_90' title='bbox 477 1734 556 1797; x_wconf 90' lang='lat' dir='ltr'><strong>quae</strong></span> <span class='ocrx_word' id='word_1_91' title='bbox 577 1715 613 1777; x_wconf 91' lang='lat' dir='ltr'><strong>in</strong></span> <span class='ocrx_word' id='word_1_92' title='bbox 636 1714 781 1778; x_wconf 83' lang='lat' dir='ltr'><strong>Actibus</strong></span> <span class='ocrx_word' id='word_1_93' title='bbox 802 1715 1047 1795; x_wconf 88' lang='lat' dir='ltr'><strong>Apostolorum</strong></span> <span class='ocrx_word' id='word_1_94' title='bbox 1066 1733 1129 1798; x_wconf 91' lang='lat' dir='ltr'><strong>per</strong></span> 
     </span>
     <span class='ocr_line' id='line_1_14' title="bbox 169 1813 1040 1895; baseline 0 -19"><span class='ocrx_word' id='word_1_95' title='bbox 169 1813 370 1895; x_wconf 87' lang='lat' dir='ltr'><strong>prophetam</strong></span> <span class='ocrx_word' id='word_1_96' title='bbox 389 1815 542 1895; x_wconf 86' lang='lat' dir='ltr'><strong>Agabum</strong></span> <span class='ocrx_word' id='word_1_97' title='bbox 557 1814 722 1895; x_wconf 88' lang='lat' dir='ltr'><strong>praedicta</strong></span> <span class='ocrx_word' id='word_1_98' title='bbox 737 1832 813 1877; x_wconf 89' lang='lat' dir='ltr'><strong>esse</strong></span> <span class='ocrx_word' id='word_1_99' title='bbox 828 1821 1040 1877; x_wconf 89' lang='lat' dir='ltr'><strong>memoratur.</strong></span> 
     </span>
     <span class='ocr_line' id='line_1_15' title="bbox 213 1914 1276 1998; baseline 0 -22"><span class='ocrx_word' id='word_1_100' title='bbox 213 1915 296 1997; x_wconf 83' lang='lat' dir='ltr'><strong>§IL</strong></span> <span class='ocrx_word' id='word_1_101' title='bbox 320 1914 376 1977; x_wconf 91' lang='lat' dir='ltr'><strong>Ab</strong></span> <span class='ocrx_word' id='word_1_102' title='bbox 397 1915 515 1977; x_wconf 87' lang='lat' dir='ltr'><strong>eodem</strong></span> <span class='ocrx_word' id='word_1_103' title='bbox 534 1914 679 1978; x_wconf 87' lang='lat' dir='ltr'><strong>Claudio</strong></span> <span class='ocrx_word' id='word_1_104' title='bbox 699 1914 950 1996; x_wconf 64' lang='lat' dir='ltr'><strong>Vespasianus</strong></span> <span class='ocrx_word' id='word_1_105' title='bbox 970 1917 1028 1998; x_wconf 93' lang='lat' dir='ltr'><strong>qui</strong></span> <span class='ocrx_word' id='word_1_106' title='bbox 1048 1923 1128 1997; x_wconf 91' lang='lat' dir='ltr'><strong>post</strong></span> <span class='ocrx_word' id='word_1_107' title='bbox 1145 1937 1276 1987; x_wconf 63' lang='grc' dir='ltr'>ιιιιιιι..</span> 
     </span>
     <span class='ocr_line' id='line_1_16' title="bbox 131 1989 1226 2096; baseline 0.002 -21"><span class='ocrx_word' id='word_1_108' title='bbox 131 2032 158 2074; x_wconf 87' lang='lat'><strong>1⁵</strong></span> <span class='ocrx_word' id='word_1_109' title='bbox 171 2013 343 2076; x_wconf 86' lang='lat' dir='ltr'><strong>Neronem</strong></span> <span class='ocrx_word' id='word_1_110' title='bbox 368 2015 558 2096; x_wconf 89' lang='lat' dir='ltr'><strong>imperavit,</strong></span> <span class='ocrx_word' id='word_1_111' title='bbox 580 2015 616 2076; x_wconf 90' lang='lat' dir='ltr'><strong>in</strong></span> <span class='ocrx_word' id='word_1_112' title='bbox 639 2013 844 2078; x_wconf 84' lang='lat' dir='ltr'><strong>Brittaniam</strong></span> <span class='ocrx_word' id='word_1_113' title='bbox 866 2015 1003 2090; x_wconf 68' lang='lat' dir='ltr'><strong>missus</strong></span> <span class='ocrx_word' id='word_1_114' title='bbox 1023 2016 1128 2079; x_wconf 86' lang='lat' dir='ltr'><strong>etiam</strong></span> <span class='ocrx_word' id='word_1_115' title='bbox 1148 1989 1226 2038; x_wconf 55' lang='lat' dir='ltr'><strong>”m</strong></span> 
     </span>
     <span class='ocr_line' id='line_1_17' title="bbox 170 2113 1129 2196; baseline 0.001 -19"><span class='ocrx_word' id='word_1_116' title='bbox 170 2113 318 2178; x_wconf 91' lang='lat' dir='ltr'><strong>Vectam</strong></span> <span class='ocrx_word' id='word_1_117' title='bbox 338 2114 497 2190; x_wconf 89' lang='lat' dir='ltr'><strong>insulam,</strong></span> <span class='ocrx_word' id='word_1_118' title='bbox 518 2114 700 2178; x_wconf 87' lang='lat' dir='ltr'><strong>Brittaniae</strong></span> <span class='ocrx_word' id='word_1_119' title='bbox 719 2115 910 2196; x_wconf 86' lang='lat' dir='ltr'><strong>proximam</strong></span> <span class='ocrx_word' id='word_1_120' title='bbox 935 2133 955 2177; x_wconf 87' lang='lat' dir='ltr'><strong>a</strong></span> <span class='ocrx_word' id='word_1_121' title='bbox 977 2115 1129 2193; x_wconf 89' lang='lat' dir='ltr'><strong>meridie,</strong></span> 
     </span>
     <span class='ocr_line' id='line_1_18' title="bbox 171 2213 1128 2296; baseline 0.002 -20"><span class='ocrx_word' id='word_1_122' title='bbox 171 2214 405 2277; x_wconf 89' lang='lat' dir='ltr'><strong>Romanorum</strong></span> <span class='ocrx_word' id='word_1_123' title='bbox 439 2213 560 2276; x_wconf 91' lang='lat' dir='ltr'><strong>ditioni</strong></span> <span class='ocrx_word' id='word_1_124' title='bbox 589 2214 804 2295; x_wconf 82' lang='lat' dir='ltr'><strong>subjugavit3</strong></span> <span class='ocrx_word' id='word_1_125' title='bbox 841 2234 919 2296; x_wconf 87' lang='lat' dir='ltr'><strong>quae</strong></span> <span class='ocrx_word' id='word_1_126' title='bbox 949 2213 1052 2278; x_wconf 91' lang='lat' dir='ltr'><strong>habet</strong></span> <span class='ocrx_word' id='word_1_127' title='bbox 1084 2217 1128 2278; x_wconf 87' lang='lat' dir='ltr'><strong>ab</strong></span> 
     </span>
     <span class='ocr_line' id='line_1_19' title="bbox 170 2313 1129 2395; baseline 0 -19"><span class='ocrx_word' id='word_1_128' title='bbox 170 2313 301 2377; x_wconf 90' lang='lat' dir='ltr'><strong>oriente</strong></span> <span class='ocrx_word' id='word_1_129' title='bbox 312 2314 349 2376; x_wconf 91' lang='lat' dir='ltr'><strong>in</strong></span> <span class='ocrx_word' id='word_1_130' title='bbox 361 2331 522 2376; x_wconf 90' lang='lat' dir='ltr'><strong>occasum</strong></span> <span class='ocrx_word' id='word_1_131' title='bbox 534 2313 675 2392; x_wconf 83' lang='lat' dir='ltr'><strong>triginta</strong></span> <span class='ocrx_word' id='word_1_132' title='bbox 690 2313 823 2376; x_wconf 88' lang='lat' dir='ltr'><strong>circiter</strong></span> <span class='ocrx_word' id='word_1_133' title='bbox 834 2313 941 2376; x_wconf 91' lang='lat' dir='ltr'><strong>millia</strong></span> <span class='ocrx_word' id='word_1_134' title='bbox 951 2334 1129 2395; x_wconf 87' lang='lat' dir='ltr'><strong>passuum,</strong></span> 
     </span>
     <span class='ocr_line' id='line_1_20' title="bbox 171 2411 1129 2487; baseline 0.002 -12"><span class='ocrx_word' id='word_1_135' title='bbox 171 2415 215 2475; x_wconf 90' lang='lat' dir='ltr'><strong>ab</strong></span> <span class='ocrx_word' id='word_1_136' title='bbox 231 2421 350 2476; x_wconf 90' lang='lat' dir='ltr'><strong>austro</strong></span> <span class='ocrx_word' id='word_1_137' title='bbox 364 2412 400 2474; x_wconf 90' lang='lat' dir='ltr'><strong>in</strong></span> <span class='ocrx_word' id='word_1_138' title='bbox 416 2413 552 2474; x_wconf 88' lang='lat' dir='ltr'><strong>boream</strong></span> <span class='ocrx_word' id='word_1_139' title='bbox 567 2411 757 2487; x_wconf 86' lang='lat' dir='ltr'><strong>duodecim,</strong></span> <span class='ocrx_word' id='word_1_140' title='bbox 771 2413 806 2474; x_wconf 90' lang='lat' dir='ltr'><strong>in</strong></span> <span class='ocrx_word' id='word_1_141' title='bbox 821 2414 1042 2476; x_wconf 89' lang='lat' dir='ltr'><strong>orientalibus</strong></span> <span class='ocrx_word' id='word_1_142' title='bbox 1058 2415 1129 2477; x_wconf 91' lang='lat' dir='ltr'><strong>suis</strong></span> 
     </span>
    </p>
   </div>
   <div class='ocr_carea' id='block_1_3' title="bbox 130 2511 1131 3196">
    <p class='ocr_par' dir='ltr' id='par_1_3' title="bbox 130 2511 1130 2996">
     <span class='ocr_line' id='line_1_21' title="bbox 130 2511 1129 2596; baseline 0.002 -21"><span class='ocrx_word' id='word_1_143' title='bbox 130 2532 159 2576; x_wconf 77' lang='lat' dir='ltr'><strong>ro</strong></span> <span class='ocrx_word' id='word_1_144' title='bbox 172 2514 330 2596; x_wconf 90' lang='lat' dir='ltr'><strong>partibus</strong></span> <span class='ocrx_word' id='word_1_145' title='bbox 344 2513 430 2574; x_wconf 90' lang='lat' dir='ltr'><strong>mari</strong></span> <span class='ocrx_word' id='word_1_146' title='bbox 442 2531 505 2574; x_wconf 91' lang='lat' dir='ltr'><strong>sex</strong></span> <span class='ocrx_word' id='word_1_147' title='bbox 517 2511 671 2587; x_wconf 91' lang='lat' dir='ltr'><strong>millium,</strong></span> <span class='ocrx_word' id='word_1_148' title='bbox 684 2511 719 2572; x_wconf 93' lang='lat' dir='ltr'><strong>in</strong></span> <span class='ocrx_word' id='word_1_149' title='bbox 732 2512 1001 2577; x_wconf 89' lang='lat' dir='ltr'><strong>occidentalibus</strong></span> <span class='ocrx_word' id='word_1_150' title='bbox 1015 2515 1129 2592; x_wconf 90' lang='lat' dir='ltr'><strong>trium,</strong></span> 
     </span>
     <span class='ocr_line' id='line_1_22' title="bbox 172 2611 1129 2678; baseline 0.003 -3"><span class='ocrx_word' id='word_1_151' title='bbox 172 2632 194 2675; x_wconf 94' lang='lat' dir='ltr'><strong>a</strong></span> <span class='ocrx_word' id='word_1_152' title='bbox 213 2612 401 2676; x_wconf 89' lang='lat' dir='ltr'><strong>meridiano</strong></span> <span class='ocrx_word' id='word_1_153' title='bbox 423 2611 602 2674; x_wconf 90' lang='lat' dir='ltr'><strong>Brittaniae</strong></span> <span class='ocrx_word' id='word_1_154' title='bbox 621 2611 721 2676; x_wconf 89' lang='lat' dir='ltr'><strong>litore</strong></span> <span class='ocrx_word' id='word_1_155' title='bbox 745 2612 890 2676; x_wconf 89' lang='lat' dir='ltr'><strong>distans.</strong></span> <span class='ocrx_word' id='word_1_156' title='bbox 935 2614 1129 2678; x_wconf 84' lang='lat' dir='ltr'><strong>Succedens</strong></span> 
     </span>
     <span class='ocr_line' id='line_1_23' title="bbox 172 2711 1129 2794; baseline 0.003 -18"><span class='ocrx_word' id='word_1_157' title='bbox 172 2720 288 2776; x_wconf 91' lang='lat' dir='ltr'><strong>autem</strong></span> <span class='ocrx_word' id='word_1_158' title='bbox 309 2711 453 2775; x_wconf 85' lang='lat' dir='ltr'><strong>Claudio</strong></span> <span class='ocrx_word' id='word_1_159' title='bbox 473 2711 508 2773; x_wconf 92' lang='lat' dir='ltr'><strong>in</strong></span> <span class='ocrx_word' id='word_1_160' title='bbox 527 2712 705 2794; x_wconf 88' lang='lat' dir='ltr'><strong>imperium</strong></span> <span class='ocrx_word' id='word_1_161' title='bbox 726 2713 819 2777; x_wconf 92' lang='lat' dir='ltr'><strong>Nero</strong></span> <span class='ocrx_word' id='word_1_162' title='bbox 835 2714 919 2777; x_wconf 90' lang='lat' dir='ltr'><strong>nihil</strong></span> <span class='ocrx_word' id='word_1_163' title='bbox 938 2717 1074 2778; x_wconf 91' lang='lat' dir='ltr'><strong>omnino</strong></span> <span class='ocrx_word' id='word_1_164' title='bbox 1094 2717 1129 2778; x_wconf 91' lang='lat' dir='ltr'><strong>in</strong></span> 
     </span>
     <span class='ocr_line' id='line_1_24' title="bbox 171 2813 1130 2893; baseline 0.004 -19"><span class='ocrx_word' id='word_1_165' title='bbox 171 2833 206 2876; x_wconf 90' lang='lat' dir='ltr'><strong>re</strong></span> <span class='ocrx_word' id='word_1_166' title='bbox 232 2813 374 2875; x_wconf 88' lang='lat' dir='ltr'><strong>militari</strong></span> <span class='ocrx_word' id='word_1_167' title='bbox 402 2832 508 2875; x_wconf 89' lang='lat' dir='ltr'><strong>ausus</strong></span> <span class='ocrx_word' id='word_1_168' title='bbox 536 2821 607 2893; x_wconf 85' lang='lat' dir='ltr'><strong>est3</strong></span> <span class='ocrx_word' id='word_1_169' title='bbox 638 2814 740 2890; x_wconf 87' lang='lat' dir='ltr'><strong>unde,</strong></span> <span class='ocrx_word' id='word_1_170' title='bbox 767 2814 856 2877; x_wconf 90' lang='lat' dir='ltr'><strong>inter</strong></span> <span class='ocrx_word' id='word_1_171' title='bbox 882 2815 951 2877; x_wconf 87' lang='lat' dir='ltr'><strong>alia</strong></span> <span class='ocrx_word' id='word_1_172' title='bbox 981 2814 1130 2878; x_wconf 89' lang='lat' dir='ltr'><strong>Romani</strong></span> 
     </span>
     <span class='ocr_line' id='line_1_25' title="bbox 172 2912 1130 2996; baseline 0.003 -21"><span class='ocrx_word' id='word_1_173' title='bbox 172 2914 268 2994; x_wconf 82' lang='lat' dir='ltr'><strong>regni</strong></span> <span class='ocrx_word' id='word_1_174' title='bbox 289 2912 494 2976; x_wconf 88' lang='lat' dir='ltr'><strong>detrimenta</strong></span> <span class='ocrx_word' id='word_1_175' title='bbox 510 2914 698 2991; x_wconf 87' lang='lat' dir='ltr'><strong>innumera,</strong></span> <span class='ocrx_word' id='word_1_176' title='bbox 713 2913 919 2978; x_wconf 88' lang='lat' dir='ltr'><strong>Brittaniam</strong></span> <span class='ocrx_word' id='word_1_177' title='bbox 937 2933 1025 2996; x_wconf 90' lang='lat' dir='ltr'><strong>pene</strong></span> <span class='ocrx_word' id='word_1_178' title='bbox 1046 2916 1130 2978; x_wconf 93' lang='lat' dir='ltr'><strong>ami-</strong></span> 
     </span>
    </p>

    <p class='ocr_par' dir='ltr' id='par_1_4' title="bbox 133 3014 1131 3196">
     <span class='ocr_line' id='line_1_26' title="bbox 133 3014 1131 3098; baseline 0.005 -23"><span class='ocrx_word' id='word_1_179' title='bbox 133 3032 161 3075; x_wconf 69' lang='grc' dir='ltr'><strong>ιι</strong></span> <span class='ocrx_word' id='word_1_180' title='bbox 174 3014 230 3092; x_wconf 88' lang='lat' dir='ltr'><strong>sit,</strong></span> <span class='ocrx_word' id='word_1_181' title='bbox 244 3033 325 3076; x_wconf 90' lang='lat' dir='ltr'><strong>nam</strong></span> <span class='ocrx_word' id='word_1_182' title='bbox 340 3014 408 3076; x_wconf 92' lang='lat' dir='ltr'><strong>duo</strong></span> <span class='ocrx_word' id='word_1_183' title='bbox 424 3015 487 3077; x_wconf 92' lang='lat' dir='ltr'><strong>sub</strong></span> <span class='ocrx_word' id='word_1_184' title='bbox 502 3034 543 3078; x_wconf 92' lang='lat' dir='ltr'><strong>eo</strong></span> <span class='ocrx_word' id='word_1_185' title='bbox 558 3016 771 3079; x_wconf 89' lang='lat' dir='ltr'><strong>nobilissima</strong></span> <span class='ocrx_word' id='word_1_186' title='bbox 786 3016 914 3098; x_wconf 90' lang='lat' dir='ltr'><strong>oppida</strong></span> <span class='ocrx_word' id='word_1_187' title='bbox 934 3017 1003 3078; x_wconf 90' lang='lat' dir='ltr'><strong>illic</strong></span> <span class='ocrx_word' id='word_1_188' title='bbox 1027 3024 1131 3098; x_wconf 90' lang='lat' dir='ltr'><strong>capta</strong></span> 
     </span>
     <span class='ocr_line' id='line_1_27' title="bbox 175 3114 564 3196; baseline -0.003 -19"><span class='ocrx_word' id='word_1_189' title='bbox 175 3121 279 3196; x_wconf 86' lang='lat' dir='ltr'><strong>atque</strong></span> <span class='ocrx_word' id='word_1_190' title='bbox 294 3114 460 3177; x_wconf 87' lang='lat' dir='ltr'><strong>subversa</strong></span> <span class='ocrx_word' id='word_1_191' title='bbox 474 3122 564 3177; x_wconf 91' lang='lat' dir='ltr'><strong>sunt.</strong></span> 
     </span>
    </p>
   </div>
   <div class='ocr_carea' id='block_1_4' title="bbox 173 3374 1130 3576">
    <p class='ocr_par' dir='ltr' id='par_1_5' title="bbox 173 3374 1130 3576">
     <span class='ocr_line' id='line_1_28' title="bbox 205 3374 1130 3438; baseline 0 -14"><span class='ocrx_word' id='word_1_192' title='bbox 205 3374 362 3436; x_wconf 61' lang='grc' dir='ltr'><strong>ὅΟτειιιὶιιιι]</strong></span> <span class='ocrx_word' id='word_1_193' title='bbox 402 3376 508 3424; x_wconf 84' lang='lat' dir='ltr'><strong>Tacitus</strong></span> <span class='ocrx_word' id='word_1_194' title='bbox 539 3382 634 3426; x_wconf 77' lang='lat' dir='ltr'><strong>asserta</strong></span> <span class='ocrx_word' id='word_1_195' title='bbox 706 3375 725 3404; x_wconf 77' lang='lat'><strong>²⁵</strong></span> <span class='ocrx_word' id='word_1_196' title='bbox 741 3379 797 3427; x_wconf 82' lang='lat' dir='ltr'><strong>Duo</strong></span> <span class='ocrx_word' id='word_1_197' title='bbox 808 3377 952 3425; x_wconf 74' lang='lat' dir='ltr'><strong>nobilissima</strong></span> <span class='ocrx_word' id='word_1_198' title='bbox 963 3375 1067 3438; x_wconf 76' lang='lat' dir='ltr'><strong>oppida]</strong></span> <span class='ocrx_word' id='word_1_199' title='bbox 1080 3377 1130 3424; x_wconf 85' lang='lat' dir='ltr'><strong>Ca·</strong></span> 
     </span>
     <span class='ocr_line' id='line_1_29' title="bbox 173 3445 1130 3504; baseline -0.001 -11"><span class='ocrx_word' id='word_1_200' title='bbox 173 3445 228 3495; x_wconf 86' lang='lat' dir='ltr'><strong>that</strong></span> <span class='ocrx_word' id='word_1_201' title='bbox 240 3445 314 3494; x_wconf 82' lang='lat' dir='ltr'><strong>these</strong></span> <span class='ocrx_word' id='word_1_202' title='bbox 325 3445 423 3494; x_wconf 79' lang='lat' dir='ltr'><strong>islanda</strong></span> <span class='ocrx_word' id='word_1_203' title='bbox 431 3459 500 3495; x_wconf 88' lang='lat' dir='ltr'><strong>were</strong></span> <span class='ocrx_word' id='word_1_204' title='bbox 513 3447 634 3496; x_wconf 82' lang='lat' dir='ltr'><strong>lirstsub-</strong></span> <span class='ocrx_word' id='word_1_205' title='bbox 671 3447 835 3495; x_wconf 84' lang='lat' dir='ltr'><strong>malodununr</strong></span> <span class='ocrx_word' id='word_1_206' title='bbox 861 3447 912 3495; x_wconf 85' lang='lat' dir='ltr'><strong>and</strong></span> <span class='ocrx_word' id='word_1_207' title='bbox 939 3445 1130 3504; x_wconf 68' lang='lat' dir='ltr'><strong>Verulamium</strong></span> 
     </span>
     <span class='ocr_line' id='line_1_30' title="bbox 173 3512 1095 3576; baseline -0.002 -12"><span class='ocrx_word' id='word_1_208' title='bbox 173 3517 241 3565; x_wconf 86' lang='lat' dir='ltr'><strong>dued</strong></span> <span class='ocrx_word' id='word_1_209' title='bbox 253 3516 287 3576; x_wconf 88' lang='lat' dir='ltr'><strong>by</strong></span> <span class='ocrx_word' id='word_1_210' title='bbox 300 3512 434 3576; x_wconf 80' lang='lat' dir='ltr'><strong>Agricola.</strong></span> <span class='ocrx_word' id='word_1_211' title='bbox 670 3531 729 3564; x_wconf 85' lang='lat' dir='ltr'><strong>now</strong></span> <span class='ocrx_word' id='word_1_212' title='bbox 742 3516 850 3566; x_wconf 83' lang='lat' dir='ltr'><strong>Maldon</strong></span> <span class='ocrx_word' id='word_1_213' title='bbox 863 3517 912 3565; x_wconf 87' lang='lat' dir='ltr'><strong>and</strong></span> <span class='ocrx_word' id='word_1_214' title='bbox 926 3515 964 3565; x_wconf 89' lang='lat' dir='ltr'><strong>St.</strong></span> <span class='ocrx_word' id='word_1_215' title='bbox 978 3513 1095 3564; x_wconf 82' lang='lat' dir='ltr'><strong>Alban&#39;s.</strong></span> 
     </span>
    </p>
   </div>
   <div class='ocr_carea' id='block_1_5' title="bbox 0 0 1592 5018">
    <p class='ocr_par' dir='ltr' id='par_1_6' title="bbox 0 0 1592 5018">
     <span class='ocr_line' id='line_1_31' title="bbox 0 0 1592 5018; baseline 0 0"><span class='ocrx_word' id='word_1_216' title='bbox 0 0 1592 5018; x_wconf 95' lang='lat' dir='ltr'><strong> </strong></span> 
     </span>
    </p>
   </div>
  </div>
 </body>
</html>
