3160 5018
406 465 455 530 xii
740 479 1024 528 rurnouucrrou.

407 639 626 704 conscientiae
650 639 802 720 puritate
821 637 1008 700 Dominum
1038 635 1182 719 ejusque
1204 632 1356 716 Aposto-

408 741 460 805 los
480 741 714 822 deprecamur,
743 744 783 800 ut
804 756 865 819 per
887 735 986 819 cujus
1010 736 1290 818 praedicationem
1312 732 1356 796 ad

407 841 524 903 lumen
552 839 708 903 veritatis
740 836 958 913 accessimus,
992 837 1122 900 tribuat
1149 855 1212 918 pro
1241 834 1357 916 parvis

408 958 547 1021 magna,
561 945 597 1002 et
611 937 762 1002 coelestis
783 936 881 1018 regni
902 934 1070 1019 perpetua
1090 935 1256 1000 beneficia
1277 953 1358 998 con·

409 1039 531 1103 donari
546 1037 735 1102 concedat?

460 1138 697 1220 ‘Opportunis
720 1155 803 1217 ergo
828 1154 870 1198 ac
893 1135 1006 1217 dignis
1027 1135 1273 1218 amplectendae
1288 1141 1358 1198 tuae

409 1238 649 1302 sollicitudinis
664 1235 888 1320 petitionibus
903 1237 1095 1299 arctissima
1109 1236 1291 1299 devotione
1307 1233 1358 1296 fa-

409 1345 541 1415 ventes,
558 1337 735 1401 hortamur
750 1335 827 1400 Deo
842 1335 1002 1399 dilectam
1016 1336 1181 1399 bonitatis
1197 1342 1267 1398 ture
1281 1335 1360 1398 reli-

410 1438 617 1518 giositatem,
634 1445 673 1500 ut
696 1437 790 1518 quia,
805 1436 936 1498 exortis
956 1435 1159 1516 quibusdam
1182 1435 1360 1498 ecclesias-

409 1538 555 1600 ticarum
580 1556 763 1600 causarum
788 1535 948 1617 capitulis
977 1554 1047 1598 non
1080 1536 1154 1598 sine
1183 1535 1360 1598 examina-

410 1637 504 1700 tione
530 1637 666 1718 longius
690 1635 957 1711 innotescendis,
974 1654 1060 1718 opus
1085 1635 1182 1698 nobis
1213 1634 1360 1698 suntad

411 1736 654 1800 conferendum
669 1737 796 1800 artium
805 1728 996 1798 literatura¹
1012 1735 1145 1812 imbuti,
1161 1735 1250 1799 sicut
1264 1734 1362 1797 decet

411 1836 488 1899 Deo
502 1836 664 1899 devotum
680 1835 921 1899 auxiliatorem
943 1842 1074 1898 sanctae
1089 1835 1209 1897 matris
1225 1835 1361 1898 univer·

410 1935 493 1996 salis
509 1936 661 1998 ecclesiae
672 1934 886 1998 obedientem
895 1927 1124 1998 devotionem2
1139 1934 1219 1997 huic
1233 1941 1361 1997 nostrae

410 2034 598 2098 hortationi
613 2055 683 2098 non
708 2033 855 2098 desistas
872 2035 1140 2110 accommodare,
1156 2033 1216 2096 sed
1232 2034 1361 2115 absque

410 2134 528 2216 aliqua
536 2135 764 2198 remoratione
775 2133 973 2214 religiosum
985 2133 1053 2196 Dei
1063 2135 1172 2196 nostri
1183 2126 1360 2196 famulum8

410 2234 616 2297 venerabilis
642 2235 694 2296 tui
722 2226 935 2297 monasterii*
958 2233 1002 2296 ad
1025 2234 1221 2297 veneranda
1243 2234 1362 2296 limina

411 2331 660 2415 Apostolorum
671 2333 865 2417 principum
876 2332 1090 2396 dominorum
1101 2343 1253 2397 meorum
1266 2333 1362 2396 Petri

413 2440 448 2496 et
472 2433 586 2511 Pauli,
610 2442 803 2498 amatorum
827 2440 966 2496 tuorum
994 2451 1034 2494 ac
1060 2440 1303 2514 protectorum,
1318 2433 1361 2496 nd

413 2541 541 2597 nostrae
556 2533 801 2598 mediocritatis
817 2539 1038 2613 conspectum
1061 2551 1130 2595 non
1152 2533 1296 2595 moraris
1311 2531 1362 2595 di-

413 2633 546 2713 rigere3
570 2653 683 2714 quem,
708 2632 846 2696 favente
871 2631 948 2695 Deo
970 2632 1107 2713 tuisque
1129 2632 1259 2694 sanctis
1284 2651 1362 2713 pre-

414 2733 522 2808 cibuS,
536 2752 606 2795 non
622 2732 755 2796 diffidas
771 2750 934 2812 prospere
957 2730 1001 2792 ad
1025 2738 1061 2794 te
1082 2732 1203 2808 redire,
1223 2738 1364 2812 peracta

412 2831 669 2912 praemissorum
691 2830 932 2912 capitulorum,
955 2849 1032 2891 cum
1055 2831 1185 2893 auxilio
1204 2830 1281 2907 Dei,
1304 2831 1363 2893 de-

414 2930 565 2994 siderata
585 2930 827 2994 sollemnitate.
880 2928 957 2990 Erit
971 2928 1073 3005 enim,
1094 2937 1135 2992 ut
1150 2929 1363 3008 confidimus,

413 3028 517 3091 etiam
548 3029 680 3092 cunctis
704 3029 767 3092 tibi
789 3027 926 3090 creditis
948 3026 1176 3108 profuturnm,
1199 3031 1363 3111 quidquid

413 3127 566 3190 ecclesiae
577 3128 741 3208 generali,
751 3126 877 3189 devoto
888 3133 1009 3190 sancto
1024 3121 1194 3208 collegio,⁵
1204 3129 1366 3196 claruerit

414 3220 713 3308 praestantissime6
727 3224 962 3307 impertitum.'

254 3349 397 3398 lutenolated
466 3341 552 3424 §la
577 3341 612 3405 lt
634 3360 793 3424 appears,
815 3341 908 3418 then,
925 3342 1003 3405 that
1017 3341 1264 3427 Malmesbury,
1278 3345 1363 3410 har-

253 3400 395 3499 murma-
415 3443 476 3521 ing
490 3448 560 3504 met
573 3442 657 3506 with
671 3461 693 3506 a
707 3441 809 3505 letter
822 3442 859 3505 in
872 3441 984 3506 which
999 3442 1057 3506 the
1073 3441 1169 3526 Pope
1182 3446 1363 3526 requested

417 3539 583 3604 Ccolfrith
598 3549 635 3604 to
649 3542 733 3605 send
749 3561 815 3605 one
835 3540 875 3604 of
882 3541 936 3625 his
952 3541 1075 3604 monks
1090 3549 1127 3606 to
1144 3543 1268 3620 Rome,
1282 3565 1363 3608 con-

414 3640 536 3703 cluded
552 3640 629 3704 that
644 3641 742 3703 Beda
754 3647 847 3703 must
862 3641 950 3704 have
963 3641 1050 3702 been
1065 3640 1142 3704 that
1152 3643 1362 3724 individua13

414 3740 482 3802 and
496 3739 642 3802 without
657 3739 840 3820 adverting
860 3743 897 3802 to
919 3739 978 3802 the
998 3737 1252 3820 chronological
1276 3743 1362 3805 diffi-

415 3838 536 3902 culties
561 3835 671 3901 which
699 3839 818 3902 attend
851 3838 935 3901 such
966 3857 988 3900 a
1014 3838 1242 3920 supposition,
1273 3851 1364 3906 most

450 4042 457 4072 ¹
475 4043 538 4090 Arte
548 4041 696 4103 literaturae,
708 4041 747 4089 M.
903 4041 911 4068 ‘
918 4039 1110 4100 presbyterum!

449 4110 460 4143 ²
476 4111 621 4171 Deuotioni,
633 4109 671 4160 M.
938 4107 948 4137 ⁵
965 4109 1046 4158 These
1057 4111 1126 4158 three
1137 4113 1221 4161 worda
1232 4129 1274 4163 are
1292 4117 1363 4164 omit·

448 4181 458 4213 ³
473 4181 607 4232 Famulum
619 4181 722 4240 Buuru,
734 4181 772 4228 M.
904 4179 947 4228 ted
958 4180 992 4240 by
1004 4180 1185 4243 Malmesbury.

449 4256 459 4283 ⁴
486 4251 660 4310 Malmesbury
692 4249 751 4298 here
785 4250 875 4298 inserts
940 4247 1019 4298 ⁶Per
1030 4251 1085 4312 ejus
1097 4251 1278 4317 praestantiam,
1290 4256 1329 4304 M.
